2924 4542
196 211 223 285 2

197 406 264 460 tum
297 393 448 478 laedant,
481 407 513 461 et
546 394 611 459 tabi
648 393 792 460 hominia
827 409 1063 486 comparantur.
1126 397 1216 466 lllnd
1249 421 1335 466 vero

198 506 285 595 quod
306 504 342 572 in
364 504 537 573 arboribus
560 518 592 570 et
615 505 650 570 in
673 505 773 592 lignis
796 518 865 589 est,
887 509 974 574 unde
997 510 1093 576 lanea
1115 508 1215 592 liunt,
1238 509 1336 584 nenia

197 616 364 682 hominum
387 616 590 680 assimilatur.
637 618 779 706 Lapides
809 619 904 684 etiam
928 632 1034 686 terrae
1071 620 1198 686 ossibus
1229 621 1336 687 homi.

197 728 249 793 nia
271 738 521 815 comparantur,
556 739 588 792 et
613 709 787 794 humiditas
817 730 961 819 lapidum
996 731 1157 796 medullae
1191 732 1337 816 ossium,

197 837 274 926 quia
296 837 379 926 lapis
413 861 485 902 cum
510 838 702 904 humiditate
725 841 785 904 lrac
808 841 949 906 calorem
982 842 1075 906 etiam
1113 840 1219 906 lraltet.
1264 841 1337 908 Sed
1447 919 1448 936 1

196 949 323 1040 lapidee
345 972 417 1014 cnm
441 948 560 1037 quibus
594 960 678 1016 tecta
710 959 886 1036 teguntur,
921 951 1086 1038 unguibus
1121 953 1261 1020 hominia
1294 953 1336 1018 in

197 1061 347 1132 mamam
369 1071 404 1130 ιι
431 1059 465 1152 in
495 1059 645 1152 ,pedilma
666 1060 901 1144 acsimilantur.
944 1063 988 1130 Et
1021 1064 1177 1151 quaedam
1213 1063 1337 1148 herbae

197 1173 304 1239 adriae
326 1183 418 1256 snnt,
441 1174 483 1242 ita
506 1173 594 1264 quod
616 1173 657 1238 de
679 1179 753 1240 a'e‘re
776 1184 944 1256 crescunt,
967 1186 999 1242 et
1022 1177 1081 1240 lraa
1100 1175 1199 1243 etiam
1221 1175 1262 1240 ad
1284 1175 1336 1239 di-

197 1285 375 1373 gestionem
399 1283 541 1350 hominia
564 1284 653 1352 leves
678 1297 753 1350 aunt
786 1275 824 1350 et
840 1286 943 1351 laetae
966 1297 1120 1369 naturae,
1153 1287 1198 1352 ita
1220 1299 1256 1351 nt
1277 1289 1336 1352 ho-

198 1397 318 1464 minem
342 1395 397 1482 qui
421 1418 474 1460 eas
497 1395 690 1476 comederit,
712 1395 833 1459 laetum
858 1394 995 1459 saciant:
1019 1395 1164 1461 crinibus
1189 1396 1335 1470 hominis

197 1507 434 1586 acsimilantur,
456 1505 530 1592 qaia
553 1504 615 1593 ipsi
640 1506 729 1570 tems
750 1517 825 1570 anat
848 1518 881 1569 ct
903 1506 1020 1570 atriae.
1063 1507 1107 1572 Et
1131 1506 1214 1572 aliae
1237 1531 1335 1596 quae·

196 1619 271 1684 dam
294 1617 413 1681 lrcrbac
435 1628 586 1682 ventoaac
609 1627 702 1696 aaut,
734 1615 777 1680 ita
800 1616 889 1704 qaod
911 1616 959 1680 de‘
980 1629 1078 1684 uento
1100 1631 1267 1699 crescunt,
1299 1629 1336 1687 et

197 1729 293 1794 etiam
316 1729 421 1793 sicone
455 1739 548 1811 aunt,
584 1738 617 1792 at
649 1749 765 1815 gravas
800 1728 840 1791 ad
875 1728 1092 1815 digestionem
1127 1729 1266 1794 lrominie
1299 1740 1337 1794 ct

193 1839 301 1906 niuis
324 1852 476 1921 naturam
511 1839 555 1904 ita
578 1850 614 1904 ut
648 1839 812 1914 hominem
844 1838 904 1928 qni
927 1863 980 1904 eae
1014 1839 1174 1921 comedit,
1207 1840 1337 1907 niuem

199 1951 336 2018 laniante
370 1953 430 2016 hac
464 1950 577 2016 audori
616 1949 759 2021 hominis
792 1950 1021 2016 acsimilantur.
1065 1949 1192 2015 Suecue
1224 1959 1334 2023 autem

197 2063 364 2128 inutilium
386 2062 560 2127 herbarum
596 2083 683 2150 quaa-
701 2062 827 2126 comedi
862 2072 1119 2169 nonupossunt,
1153 2083 1335 2128 venenosas

196 2187 264 2257 eat,
287 2175 438 2263 quonlam
461 2174 551 2262 ipsae
574 2174 613 2238 ad
637 2172 744 2237 oilmm
767 2173 911 2237 hominia
931 2173 1122 2237 mortilarao
1144 2183 1235 2238 eunte
1270 2172 1333 2237 hac

195 2285 372 2372 digestioni
396 2285 537 2350 hominia
559 2295 795 2373 oonrparantur.¹
838 2283 882 2349 Et
905 2295 989 2348 terra
1012 2284 1187 2364 sudorem,
1220 2285 1334 2349 lrnma·

196 2419 267 2463 rem
297 2409 393 2488 atqne
424 2419 555 2464 succum
580 2397 737 2473 lralet1).
781 2376 1018 2480 Sudor-eliam
1056 2395 1189 2460 inutiles
1213 2395 1333 2460 lrerlraa

196 2512 343 2602 prolert3
372 2511 489 2580 lrumor
509 2511 579 2575 eins
595 2510 715 2590 utilem
738 2529 820 2597 quac
835 2506 967 2572 comedi
982 2517 1116 2593 possunt
1135 2517 1169 2570 ct
1185 2523 1271 2600 quae¹
1289 2507 1333 2572 ad

197 2621 280 2688 aliea
302 2644 380 2687 naus
409 2621 576 2685 hominnm
599 2620 734 2685 ‘valent'
774 2617 899 2682 Surena
930 2627 1035 2680 autem
1069 2617 1266 2682 vindemiam
1298 2630 1334 2684 et

196 2732 415 2819 germinantes
437 2730 571 2795 arbores
594 2720 756 2818 producit.
799 2726 867 2792 Sed
884 2726 1010 2793 'lrcrlrac
1044 2743 1126 2816 quae
1163 2753 1223 2818 per
1244 2728 1333 2794 lalro—

196 2861 265 2906 rem
288 2840 429 2908 hominis
463 2839 679 2921 seminantur,
712 2837 803 2905 velut
837 2837 1012 2906 domestica
1045 2839 1214 2922 animalia,
1248 2859 1331 2927 qnae

196 2948 294 3021 homo
316 2952 352 3018 in
375 2951 474 3016 domo
494 2974 551 3016 sua
573 2973 644 3015 omn
667 2948 892 3014 sollicitudine
914 2947 1055 3030 enutrit,
1088 2973 1148 3036 par
1181 2949 1331 3016 laborem

196 3064 291 3134 illum
314 3088 379 3153 qno
402 3063 445 3128 ab
465 3063 596 3130 homine
618 3073 791 3128 exarantur
813 3072 846 3126 et
878 3060 1095 3136 seminantur,
1123 3039 1330 3126 acerbitatem

195 3190 228 3242 et
250 3175 497 3241 amaritudinem
521 3174 693 3253 amittunt,
725 3173 768 3237 ita
792 3182 828 3236 nt
850 3170 1024 3238 lanmidltat
1047 3173 1225 3236 eorundem
1257 3185 1329 3238 anc-

195 3305 309 3350 eorum'
320 3279 516 3372 qualitatem
537 3285 625 3350 succi
648 3283 791 3348 hominia
803 3293 935 3368 tangam·
949 3293 980 3346 et
992 3282 1079 3370 qnod
1093 3284 1190 3348 modo
1202 3283 1284 3349 ciliis
1297 3291 1330 3347 et

194 3389 326 3488 {lotium
338 3398 441 3462 honae
452 3409 484 3462 et
496 3397 687 3464 ntllca'sunt.
718 3382 948 3466 Herbassantena
960 3407 1043 3482 qaae
1055 3395 1188 3459 cadente
1207 3396 1330 3458 nemine

194 3533 252 3575 ano
276 3508 397 3599 absque
407 3507 519 3573 labore
532 3506 673 3572 hominia
687 3515 845 3586 crescunt,
869 3517 900 3570 et
915 3518 1047 3592 repente
1071 3528 1107 3570 ac
1132 3502 1328 3569 stetimnter

193 3629 229 3683 nt
249 3618 426 3686 indomitae
449 3613 572 3682 hestiae
592 3624 746 3704 snrgunt·
762 3615 809 3702 ²),
825 3613 1023 3730 „contrariae
1045 3625 1121 3683 sunt
1141 3609 1262 3678 domini
1285 3609 1327 3676 ad

187 3789 402 3808 h-——a—-u

260 3898 292 3960 1)
311 3897 355 3950 Gt.
372 3898 496 3968 Ep
417 3905 463 3954 ιι
480 3896 739 3956 ι1Ε1ιι1ιιι1..ι
684 3898 816 3988 mittan
806 3898 987 3972 Μαι
1004 3894 1210 4030 9111111

261 3959 780 4052 dlcleraclntlestptlll.
