2924 4542
1221 233 1345 334 ors

160 426 212 497 bis
236 422 481 494 foecunditatem
505 424 643 511 babeut3
673 426 736 508 ita,
764 441 800 495 ut
834 426 927 496 ctiam
950 429 977 494 si
1000 429 1115 498 molier
1138 453 1219 517 quac
1241 428 1289 498 ira-

104 583 108 592 ,
159 539 316 607 faecunda
348 550 414 622 est,
446 563 488 606 cx
517 538 563 605 eis
593 537 797 633 comederet,
831 541 987 607 foecundo
1008 542 1100 608 fieret
1121 553 1154 608 et
1186 543 1288 612 couci·
1391 593 1399 610 .

157 663 256 742 peret.
300 650 428 718 Erotio
452 650 547 716 modo
570 649 612 713 ad
634 649 970 739 concipiendumsibi
994 677 1059 720 uon
1083 653 1288 724 commisceo-

156 777 229 848 tur,
251 774 408 853 quotenus
428 764 478 830 lac
500 773 555 830 eut
577 762 711 850 gracula
735 762 769 828 iu
792 763 839 830 cis
862 778 1055 846 nascuntur,
1079 767 1288 855 'quemadmo-

159 877 236 942 dum
259 875 321 940 alia
342 874 493 946 animalia
515 873 579 943 sibi
603 874 804 944 commisceri
838 877 960 958 solent,
994 876 1051 944 sed
1084 877 1287 946 solummodo

155 989 195 1055 ad
218 986 407 1058 effosionem
428 987 561 1056 seminis
583 987 635 1056 sui
657 998 723 1054 tam
751 1011 901 1074 megasio
934 989 1131 1058 desiderium
1166 991 1286 1058 babent

154 1098 277 1168 utalia
299 1098 452 1172 animalia
473 1099 514 1170 sd
537 1099 667 1167 coitum.
709 1098 753 1166 Et
783 1099 1005 1190 uuusquisque
1026 1125 1137 1190 parem
1159 1115 1192 1170 et
1213 1127 1287 1173 con·

154 1211 335 1284 renieotem
357 1211 422 1282 sibi
445 1211 581 1301 quaerit·
624 1211 762 1281 Etcum
795 1224 921 1302 tempus
951 1213 1118 1280 effusionis
1150 1215 1286 1284 seminis

80 1321 82 1328 ¹
153 1349 265 1398 eorum
288 1325 406 1405 instat,
427 1323 538 1392 locum
561 1323 648 1394 cirea
664 1324 815 1412 scopulos
836 1334 891 1393 out
911 1324 1003 1390 littus
1026 1305 1203 1412 quaeruut,
1225 1325 1285 1396 obi

152 1459 212 1502 nec
234 1436 324 1503 venti
346 1436 589 1526 oecproceddae
613 1459 668 1502 eos
690 1435 819 1502 laedere
835 1447 971 1528 possunt
992 1446 1025 1501 ct
1044 1436 1102 1502 ubi
1118 1434 1285 1519 bubulce,

153 1548 271 1638 quibos
293 1547 425 1638 iuterim
447 1560 636 1640 poscantur,
669 1547 791 1618 circum
812 1559 904 1614 nome
926 1548 1011 1631 sint,
1033 1561 1066 1616 et
1088 1561 1163 1616 tuuc
1184 1548 1284 1640 piscis

150 1659 209 1726 itte
232 1659 288 1760 qui
311 1659 432 1726 semina
455 1671 514 1744 est,
536 1661 571 1726 in
594 1661 725 1726 modum
747 1659 854 1726 lineae
876 1660 1012 1747 granula
1034 1684 1091 1726 sua
1115 1659 1282 1754 fundendo

151 1771 333 1861 praeeedit,
356 1796 458 1863 usque
480 1773 556 1837 dum
578 1771 754 1838 secondum
777 1783 923 1835 naturam
945 1795 1035 1837 suam
1062 1773 1102 1854 ab
1116 1773 1283 1840 'effusione

150 1885 209 1952 bac
230 1884 381 1969 desistat3·
401 1896 433 1950 et
455 1882 512 1949 ubi
535 1879 632 1950 fiuem
654 1881 822 1948 effusionis
844 1883 941 1947 buius
965 1883 1064 1965 facit,
1086 1883 1134 1947 ibi
1158 1885 1281 1973 piscem

149 1997 301 2063 videlicet
319 1997 494 2060 musculum
514 1994 666 2062 advenire
684 1995 906 2085 praestoletur.
928 1995 1009 2062 Mox
1023 1994 1185 2059 mascusius
1207 1995 1280 2061 sub-

149 2107 295 2197 sequitur
311 2118 343 2173 et
357 2108 408 2173 lac
422 2131 514 2173 soum
534 2129 574 2172 eo
587 2107 701 2173 ordine
719 2117 751 2172 et
766 2130 916 2173 mensura
936 2130 1034 2196 snper
1057 2109 1192 2194 grauida
1210 2109 1281 2174 iun·

148 2220 206 2303 dit,
228 2243 292 2309 quo
310 2219 410 2312 piscis
431 2219 551 2288 lemica
569 2219 754 2310 praecessit,
771 2229 803 2283 et
819 2219 936 2296 deiude
954 2219 1006 2286 lac
1027 2243 1119 2286 surum
1143 2219 1281 2298 tutudere

147 2332 291 2401 desistite
313 2343 350 2398 et.
359 2332 502 2399 evacuati
523 2342 555 2398 ct
573 2331 703 2423 fatigati
722 2321 926 2418 aliquantum
943 2331 1068 2398 debiles
1088 2332 1280 2421 efficiuntur,

147 2456 179 2510 et
194 2442 283 2509 iuxta
304 2443 441 2510 eundem
464 2445 569 2509 locum
588 2443 728 2532 quietem
745 2441 807 2506 sibi
826 2453 994 2530 quaerunt,
1012 2421 1088 2510 dum
1105 2443 1189 2514 vires
1205 2469 1280 2514 suos

145 2555 321 2648 recipiant,
355 2567 387 2622 et
420 2555 574 2624 berbulis,
588 2552 827 2644 circumpositis
851 2553 981 2620 iuterim
1014 2568 1200 2645 poscuntur.
1243 2558 1279 2623 Α

144 2682 289 2761 tempore
310 2681 416 2736 cotem
438 2669 498 2735 illo
521 2693 585 2758 quo
619 2667 716 2734 simul
742 2665 977 2749 effunduntur,
1010 2690 1044 2732 se
1078 2679 1279 2755 cognoscunt

145 2795 177 2848 et
199 2782 294 2848 simol
316 2793 505 2865 versantur,
539 2793 571 2848 et
592 2792 761 2872 postquam
775 2780 966 2862 creverint,
1000 2781 1124 2848 semino
1157 2806 1215 2848 suo
1236 2781 1278 2848 si·

143 2894 212 2960 mol
234 2895 420 2977 effundunt,
457 2904 488 2958 et
518 2893 546 2957 si
580 2891 683 2982 aliqui
707 2916 818 2958 coeam
842 2893 1029 2982 capiuntur,
1059 2892 1111 2958 itti
1143 2894 1200 2982 qui
1229 2917 1277 2960 re·

143 3019 271 3072 manent
294 3007 374 3072 alios
397 3005 461 3071 sibi
492 3017 593 3071 actatc
621 3003 743 3071 similes
766 3004 881 3069 iterum
905 3014 1071 3092 quaesunt.
1115 3004 1158 3068 Et
1192 3003 1276 3070 sieut

142 3121 239 3186 bomo
261 3130 407 3185 naturam
429 3143 516 3184 suam
541 3117 697 3200 destituit,
719 3115 892 3207 pecoribus
916 3138 951 3180 se
973 3115 1199 3182 commisccuss
1231 3115 1276 3184 itu

143 3231 240 3297 etiam
262 3243 293 3298 ct
314 3255 432 3324 pecora
455 3243 545 3301 extro
567 3253 669 3320 genus
690 3253 784 3298 soom
806 3227 980 3316 aliquando
996 3227 1031 3294 io
1047 3227 1275 3298 commixtione

142 3342 321 3428 ducuntur,
356 3343 457 3413 etsie
479 3343 576 3412 etiam
598 3343 704 3432 pisces
726 3365 745 3407 ι
767 3363 885 3428 genere
907 3363 967 3405 suo
991 3339 1025 3414 io
1060 3338 1149 3404 aliud
1172 3365 1274 3429 genus

141 3454 303 3521 interdum
325 3453 360 3521 io
384 3453 539 3522 effusione
564 3454 698 3522 seminis
720 3453 771 3520 sui
794 3451 975 3534 declinarat,
1007 3464 1038 3516 et
1061 3453 1149 3517 aliud
1172 3477 1274 3539 genos

141 3579 325 3634 extraneum
347 3567 459 3656 generi
483 3591 542 3634 suc
563 3567 763 3657 producunt,
796 3566 888 3631 utin
910 3566 1054 3653 anguilla
1078 3578 1110 3630 ct
1140 3566 1175 3631 io
1205 3566 1275 3632 aliis

139 3678 285 3770 piscibus
306 3679 413 3747 notari
437 3692 549 3771 petest.
592 3681 683 3745 Deus
706 3691 760 3744 aot
782 3679 974 3768 quibusdam
1008 3676 1154 3769 piscibus
1178 3703 1276 3769 quao-

139 3789 212 3856 dom
245 3794 407 3860 scientiam
449 3790 625 3859 seeundum
658 3803 803 3858 naturam
838 3805 869 3859 et
904 3813 1005 3878 penus
1038 3816 1130 3858 soum
1164 3792 1276 3868 dedit„

140 3904 227 3994 qood
250 3906 405 3995 quasdem
427 3905 543 3972 berbas
565 3916 597 3970 et
618 3903 742 3970 radices
778 3905 811 3972 io
834 3907 927 3996 aapds
956 3913 1172 3994 cognoscunt,
1205 3903 1263 3993 qui

139 4017 200 4085 bos
222 4015 382 4083 interdum
404 4029 596 4103 vescuotor,
625 4043 697 4086 cam
719 4019 801 4086 alios
824 4019 915 4086 cibos
938 4041 1004 4088 ooo
1026 4016 1166 4098 babeat,
1199 4037 1274 4106 quo
