2924 4542
1254 259 1292 306 tx

161 410 220 476 sati
245 425 277 476 te
299 409 442 476 invisere
463 431 525 498 pro
546 408 633 475 velle
654 421 766 476 nostro
789 433 857 476 non
889 431 1077 499 possumus,
1110 411 1224 480 literis
1248 427 1291 481 ta·

160 552 234 594 men
255 527 374 598 nosffls
396 526 438 592 de
460 523 552 592 adire
571 521 868 592 resonarint-us.
910 523 1007 590 Nam
1028 536 1065 592 at
1096 525 1291 608 audivimus,

160 657 275 706 revera
307 634 546 728 superabundat
577 634 612 700 in
645 645 677 700 te
717 634 877 700 emiseno
910 658 1052 700 summae
1082 616 1197 700 'landis
1230 659 1289 724 per

160 739 402 818 maetimeniam
424 749 511 814 vitae
532 745 714 814 innocentis
734 758 765 814 et
786 769 846 836 per
859 747 1128 834 magnificentiam
1151 747 1287 838 spiritns

160 862 300 951 desuper
312 859 452 925 'mirifici
486 858 521 924 ia
543 870 577 925 te
597 857 767 926 venientis.
810 858 1073 947 Unrlequamvis
1094 862 1290 926 saecularem

160 975 259 1042 vitan
281 987 431 1059 agamus,
467 971 507 1037 ad
529 981 565 1036 te
593 991 823 1060 properamus,
856 968 897 1034 ad
918 982 964 1034 te
992 971 1218 1058 contegimus,
1251 995 1295 1038 ae

161 1084 342 1151 motionum
365 1096 397 1150 et
419 1082 827 1149 exbortatiounmtuarum
844 1081 996 1168 suffragia
1014 1083 1180 1152 humiliter
1196 1107 1290 1173 quae·

160 1196 279 1280 rimus,
302 1194 453 1284 aproniana
482 1195 580 1282 iunge
601 1181 697 1258 aliter
720 1191 856 1259 vivimus
876 1217 973 1282 qnam
995 1193 1177 1260 debeamus.
1220 1197 1287 1262 Pro

160 1318 249 1374 certo
272 1305 500 1388 antemnates,
534 1305 622 1394 qued
653 1304 714 1371 tibi
745 1315 783 1370 et
814 1305 981 1371 sororibus
1013 1306 1098 1388 tuis,
1132 1307 1165 1371 in
1199 1309 1288 1373 omni

161 1437 255 1486 unsa
278 1430 310 1484 et
332 1418 367 1484 in
397 1418 486 1485 omni
508 1417 697 1484 necessitate
718 1428 825 1484 vestra
846 1417 1004 1506 prodesse
1024 1429 1057 1484 et
1079 1419 1208 1500 adesse,
1230 1417 1288 1482 nbi
1365 1408 1368 1416 ’

160 1547 349 1621 possumus,
370 1523 625 1618 properabimus.
668 1527 763 1596 Unde
785 1539 818 1595 et
831 1529 935 1596 fllium
948 1537 1073 1613 metam,
1095 1553 1191 1619 quem
1207 1529 1288 1594 mibi
1376 1605 1381 1618 ,

160 1642 367 1733 superstitem
389 1640 540 1708 desidero
561 1663 650 1722 esse,
679 1639 882 1706 pretioribus
901 1641 988 1724 tuis,
1009 1642 1095 1710 aient
1113 1654 1148 1708 et
1170 1663 1220 1708 nae
1242 1640 1289 1730 ip-

159 1771 249 1841 tum,
270 1752 422 1822 attentius
444 1751 641 1820 commendo·
717 1787 719 1794 ·

701 1953 749 2022 v.
849 2009 853 2020 ,
984 2009 986 2018 a

266 2121 545 2236 anmantuus
572 2121 847 2197 ruennaron
877 2121 1188 2240 umerorum·

474 2345 479 2356 ¹
582 2264 634 2317 Ed.
645 2263 711 2356 'cot
722 2233 791 2352 'pag-¹
810 2261 859 2315 aa.
920 2341 923 2352 Ι

245 2455 435 2525 Friderieus‘
453 2455 517 2523 Dei
539 2453 642 2544 gratia
665 2453 886 2522 Ronranorum
910 2454 1086 2544 imperator
1108 2467 1140 2524 et
1162 2480 1288 2547 semper

158 2563 346 2660 Augustus,
379 2569 526 2636 dominae
548 2568 746 2658 Hildegardi
780 2569 821 2634 de
853 2567 995 2656 Pinguia
1029 2569 1164 2657 gratiam
1197 2593 1287 2635 suam

157 2675 191 2749 et
213 2707 307 2748 omne
327 2682 459 2749 bonnm.
500 2679 621 2749 Notum
646 2682 778 2748 iacimus
801 2680 971 2768 sanctitati
1005 2681 1112 2764 Tuae,
1135 2665 1288 2771 quoniam

157 2818 193 2878 aa
216 2817 299 2884 quae
321 2793 415 2861 nobis
438 2793 649 2884 praedixisti,
672 2818 744 2860 enm
766 2792 949 2881 ingelheim
973 2805 1156 2874 manentes,
1192 2805 1224 2859 te
1246 2792 1288 2858 ad

157 2905 367 2996 praesentiam
390 2915 531 2970 nostram
553 2905 665 2972 venire
693 2907 896 2994 rogavimus,
930 2905 991 2970 iam
1016 2905 1049 2971 in
1072 2906 1219 2972 matribus
1241 2918 1286 2972 te·

158 3039 278 3084 neruus.
321 3013 390 3083 Sed
413 3026 598 3080 nontamen
622 3015 708 3081 omni
740 3030 855 3084 eonatn
878 3039 938 3107 pro
972 3019 1095 3084 honore
1127 3016 1219 3106 regni
1242 3017 1287 3083 la·

157 3134 273 3199 borare
295 3153 361 3196 non
383 3127 587 3196 cessabimus.
615 3125 839 3225 ¹Quapropter
861 3127 1066 3194 dilectionem
1090 3141 1175 3194 tuam
1192 3151 1287 3220 queam
1429 3161 1436 3178 ι

156 3243 270 3312 intime
302 3241 531 3324 admonemus,
565 3251 601 3307 ut
633 3264 706 3308 enm
739 3238 907 3306 sororibus
940 3238 1002 3305 tibi
1036 3239 1218 3308 commissis
1248 3239 1287 3306 ad

157 3355 407 3446 omnipotentem
429 3352 544 3418 Deum·
557 3376 670 3444 preces
693 3351 754 3443 pro
777 3351 1029 3435 nobis'tundas,
1063 3365 1219 3442 quatenus
1250 3352 1286 3420 in

156 3465 294 3533 terrenis
317 3463 458 3554 negotiis
479 3462 681 3546 laborantes,
703 3465 748 3530 ita
769 3462 809 3529 ad
832 3486 868 3530 se
890 3475 1074 3545 convertat,
1096 3476 1131 3527 ut
1149 3461 1286 3550 gratiam
1325 3499 1334 3512 =

156 3578 259 3670 ipsius
274 3576 421 3643 obtinere
436 3575 608 3642 valeamus.
650 3573 785 3641 Certum
800 3587 905 3641 antem
924 3573 1022 3640 debes
1038 3568 1176 3658 babere,
1198 3574 1286 3664 qnod

155 3683 253 3781 super
274 3687 363 3755 amni
387 3686 517 3778 negotio
539 3698 595 3752 tuo
618 3686 657 3752 ad
681 3711 741 3752 nos
763 3710 822 3778 per
844 3699 875 3753 te
897 3686 1039 3770 directo,
1072 3710 1175 3776 neque
1208 3685 1285 3753 ami-

155 3799 264 3868 eitiam
287 3823 392 3889 neque
422 3798 531 3864 odium
554 3795 689 3864 alienius
710 3821 866 3888 personae
894 3798 1112 3884 attendemus,
1146 3795 1205 3863 sed
1237 3819 1286 3862 so·

154 3910 218 3978 lim
241 3908 383 3976 iustitiae
404 3918 551 4001 respectu
572 3905 762 3998 aequitatem
785 3905 929 3975 iudieare
950 3905 1170 3999 proponimus
1191 3936 1234 3969 ι,-
