2924 4542
682 946 726 1000 nt

134 1068 411 1147 PHYSIGAM
450 1071 507 1145 S.·
531 1069 898 1182 flmunununls
938 1070 1010 1144 llll
1049 1069 1267 1149 PlNGUlA

191 1220 194 1226 ·
402 1200 640 1275 EIUSDEM
672 1197 991 1320 rudusculo.

202 1453 256 1550 ln
285 1481 461 1584 creatione.
480 1483 622 1551 bominis
652 1485 694 1552 de
724 1497 830 1571 terra,
858 1487 922 1554 ulia
949 1499 1037 1554 terra
1058 1499 1185 1579 sumpta
1208 1499 1267 1568 cst,

134 1620 219 1688 qnae
237 1599 336 1666 bomo
359 1607 407 1664 cst
430 1604 480 1680 ¹),
512 1607 545 1664 et
567 1596 675 1664 omnia
703 1598 866 1668 elementa
898 1599 931 1666 ei
952 1599 1158 1682 serviebant,
1173 1620 1176 1628 ’
1190 1599 1267 1690 quia

133 1709 245 1777 vivere
268 1731 341 1779 eum
364 1707 567 1789 sentiebant,
590 1719 621 1773 et
644 1707 771 1774 obviam
794 1709 949 1776 omnibns
963 1710 1267 1778 conversationibus

134 1821 203 1888 eius
223 1845 298 1888 cum
321 1820 381 1888 illo
405 1818 640 1909 uperebantna,
674 1829 707 1890 et
725 1818 810 1908 ‚ipse
832 1841 904 1884 enm
926 1818 997 1885 illis
1020 1827 1059 1896 ²).
1102 1821 1148 1886 Et
1180 1833 1267 1886 terra

135 1931 232 2000 dabat
255 1931 453 1999 viriditatem
486 1953 575 1999 auam
598 1930 775 1999 secundum
797 1953 900 2017 genna
923 1941 955 1995 et
977 1939 1125 1996 naturam
1147 1941 1180 1996 ct
1200 1953 1267 1998 mo-

132 2065 187 2108 res
220 2053 252 2107 ct
286 2065 413 2108 omnem
447 2040 706 2108 circumitionem
739 2040 891 2108 bominis.
934 2041 1037 2108 Terra
1071 2040 1158 2109 enim
1192 2065 1266 2110 cum

133 2152 272 2224 utilibus
293 2152 405 2218 berbis
439 2152 582 2220 ostendit
616 2151 876 2220 circumitionem
909 2151 1106 2241 spiritalium
1139 2175 1266 2219 morum

133 2262 297 2344 bominis,
319 2287 374 2330 eos
397 2263 635 2328 discernendae
657 2262 716 2328 sed
738 2263 771 2331 in
794 2261 968 2340 inutilibus
990 2263 1103 2328 berbis
1136 2263 1266 2330 demon.

118 2384 213 2440 -strat
236 2373 370 2440 inutiles
391 2385 424 2441 et
445 2372 626 2446 diabolicos
648 2394 755 2437 mures
778 2372 858 2438 eins.
902 2373 1070 2460 Quaedam
1094 2374 1179 2440 eninr
1195 2377 1269 2440 ber·

132 2483 194 2550 bae
228 2493 328 2564 sunt,
360 2505 444 2572 quae
466 2503 539 2548 cnm
557 2480 756 2570 quibusdam
789 2481 871 2551 oibis
904 2496 1107 2570 coquuntur,
1141 2497 1173 2551 et
1205 2487 1266 2552 bas

132 2594 298 2662 bominem
331 2594 478 2664 velocem
499 2593 540 2660 ad
561 2604 688 2682 pastum
721 2591 865 2675 faciunt,
899 2605 932 2659 et
952 2593 1041 2660 leves
1063 2607 1159 2677 sunt,
1192 2595 1266 2683 quia

131 2706 297 2775 bominem
320 2729 387 2772 uon
408 2706 546 2775 multum
569 2727 701 2792 gravem
724 2705 867 2790 iaciunt,
897 2718 929 2772 et
951 2706 1032 2774 istae
1054 2705 1143 2774 cuni
1165 2706 1267 2772 bomi-

132 2815 186 2885 nis
208 2816 437 2885 assimilantur.
480 2817 525 2882 Et
554 2839 670 2883 succus
701 2816 900 2905 pomiferum
933 2817 1087 2886 arborum
1119 2818 1266 2886 incoctus

133 2936 166 3002 et
187 2925 325 2994 nocivus
349 2931 379 3000 ³)
402 2937 471 3006 est,
493 2925 550 2994 aed
572 2937 684 2994 coctus
706 2927 810 3008 levis,
833 2938 866 2992 et
887 2940 1091 3016 comparatur
1112 2928 1265 3013 sanguini

131 3034 284 3104 bominis.
325 3033 542 3102 lnlrnetilera
557 3046 662 3102 antem
677 3035 784 3122 ligna,
807 3060 889 3126 qaae
905 3061 971 3104 non
987 3050 1154 3124 generent,
1175 3039 1266 3124 ligat

132 3156 208 3214 suut
250 3156 283 3210 et
305 3169 370 3214 uon
402 3145 555 3230 arbores,
589 3145 647 3212 sed
670 3156 794 3215 tantum
817 3148 898 3214 lolia
922 3148 1060 3230 babent,
1095 3171 1177 3237 quae
1213 3150 1267 3217 bo·

132 3255 214 3327 taini
235 3257 279 3324 ad
299 3257 533 3326 comedendam
555 3255 686 3324 inutilia
708 3269 804 3324 eunte
837 3258 883 3324 ite
917 3270 954 3326 nt
987 3259 1015 3326 si
1038 3259 1112 3349 quis
1134 3259 1194 3326 illa
1215 3283 1267 3326 co·

131 3367 297 3450 mederet,
319 3369 350 3434 oi
372 3393 438 3436 non
460 3371 597 3438 multum
619 3368 832 3457 prodessent,
854 3368 979 3438 etiamsi
1002 3393 1076 3439 eam
1098 3395 1165 3438 non
1185 3370 1267 3448 mul,

130 3537 332 3558 fine—n·-

203 3647 234 3712 l)
254 3647 296 3701 (ll.
313 3647 423 3716 Phene.
441 3649 474 3704 L.
492 3649 534 3705 11.
553 3667 612 3721 cap.
626 3645 696 3707 tul.
713 3675 748 3688 -
764 3649 881 3722 Epistol.
899 3653 932 3706 ad
945 3649 1066 3706 abbatom
1083 3649 1183 3705 Ebrnc.
1203 3607 1265 3723 bag.

130 3729 173 3785 ⁷6
192 3734 255 3787 edit.
276 3731 372 3792 colon.
390 3759 425 3773 ·-
441 3733 495 3805 sp.
512 3736 547 3788 ad
568 3734 681 3804 praelat.
698 3733 847 3805 atomus
872 3756 936 3807 pag.
966 3734 1036 3792 lbd.
1054 3765 1089 3780 ·-
1105 3738 1210 3792 Scitin
1248 3737 1273 3790 1.

127 3815 237 3964 mg·
253 3900 298 3958 (ll.
316 3893 408 3970 Epist.
424 3902 460 3956 ad
477 3901 625 3962 mind.
644 3905 727 3976 apiae.
745 3895 888 3976 lambere
907 3921 970 3974 pag.
989 3903 1040 3960 4οὲ
1058 3929 1091 3944 -
1113 3891 1123 3903 '¹
1143 3906 1149 3920 '

199 3983 233 4054 8)
249 3991 367 4042 sacten
384 3987 448 4042 adit.
891 3993 896 4010 ¹

1055 4097 1074 4162 1
