2924 4542
698 433 1052 500 W..

282 551 507 623 curumoo
530 551 1191 712 rurpopronpzuuorosnors..
1231 575 1235 596 ι
1294 583 1299 591 -

633 659 660 712 ι.
719 659 737 712 ι.
756 677 783 728 p.
845 697 852 712 ,
940 705 944 712 ,
1057 679 1064 686 .

248 751 316 842 Qui
340 751 435 818 vitem
459 739 513 816 det
542 749 710 833 omnibus,
744 749 839 817 dieite
885 750 978 816 Beeti
1002 763 1076 818 suot
1104 752 1161 840 qui
1182 750 1300 818 crude·-

163 863 255 928 lobro
278 861 395 926 nummi
418 859 506 947 regis
528 859 627 948 digne
649 859 836 942 subiacent,
857 871 892 924 ct
911 881 993 949 qnos
1010 861 1099 928 Deus
1122 861 1158 927 in
1179 885 1296 948 mogon

162 973 368 1065 providentie
391 972 597 1063 procuravit,
629 972 673 1042 ite
696 983 732 1038 ut
754 971 872 1042 coede
894 972 968 1039 sinu
991 997 1050 1038 suo
1072 997 1136 1041 non
1169 973 1297 1041 ebseiu·

163 1086 228 1154 det.
271 1085 311 1151 ln
334 1085 594 1168 illectum,
626 1108 796 1175 permane,
830 1096 861 1150 et
894 1084 1152 1174 squaloremde
1185 1095 1295 1174 ,mente

162 1207 219 1264 tue
242 1195 366 1280 obiioe3
399 1197 552 1287 quonium
574 1198 664 1264 Deus
685 1215 816 1272 'omnem
838 1196 893 1286 qui
916 1218 988 1265 eum
1011 1196 1127 1264 devote
1160 1208 1192 1263 et
1213 1220 1296 1285 pure

165 1308 310 1398 quaerit,
343 1320 521 1376 conservet.
565 1306 688 1376 Sed-et
709 1331 847 1396 reguum
868 1319 958 1374 tuum
981 1307 1025 1376 ito
1058 1320 1133 1376 teuc
1164 1320 1198 1374 et
1228 1307 1295 1382 tuis

164 1443 421 1508 unumquemque
454 1419 609 1486 iustitiam
642 1420 799 1510 provide,
830 1431 866 1484 ut
894 1443 1075 1508 esuperuo
1097 1443 1199 1507 regno
1221 1419 1299 1487 elie-

164 1553 311 1611 nusnon
334 1532 402 1596 lius.
445 1530 536 1596 Audi
559 1530 592 1594 in
615 1529 750 1618 quudmu
773 1539 864 1618 perte
896 1530 1009 1596 olleo
1042 1541 1074 1595 te
1110 1532 1230 1600 evertis
1263 1543 1298 1622 ct

163 1654 325 1730 temporo·
343 1641 393 1724 in¹
413 1638 532 1730 quibus
551 1662 608 1720 ee,
640 1639 730 1706 velut
761 1641 795 1708 in
829 1639 990 1722 muliebri¹
1016 1662 1174 1730 persone,
1209 1642 1299 1716 levir

164 1766 256 1832 suut,
295 1765 327 1818 et
360 1752 455 1818 etiem
488 1752 523 1818 in
557 1750 752 1819 contrarium
784 1749 995 1833 iniustitirm‚
1028 1774 1109 1841 quoe
1143 1751 1297 1820 iustitium

163 1864 197 1930 in
221 1864 312 1932 vinee
335 1862 468 1930 Domini
493 1863 658 1932 destruere
678 1873 798 1946 tentet,
820 1885 855 1928 se
877 1861 1042 1930 inclinent.
1083 1862 1200 1929 Posteo
1217 1886 1295 1930 vero

164 1977 277 2068 peiore
298 1988 444 2066 tempore
467 1977 616 2059 venient,
649 1976 684 2041 in
713 1974 832 2066 quibus
854 1975 924 2041 veri
957 1975 1123 2042 israelitae
1156 1974 1296 2064 llrgello·

164 2087 287 2152 buntur
309 2098 342 2152 ct
363 2087 398 2152 io
422 2085 540 2176 quibus
563 2086 741 2154 eetbolieus
763 2088 899 2160 tbroum
922 2087 956 2156 iu
976 2111 1086 2156 errore
1101 2087 1298 2159 movebitur.

166 2209 199 2262 et
220 2196 295 2262 ideo
317 2195 492 2264 novissime
514 2220 645 2280 eorum,
666 2197 756 2264 velut
778 2197 913 2265 eeduver
935 2197 970 2262 in
993 2209 1115 2281 morte,
1149 2197 1296 2288 blaspbe,

165 2309 250 2375 mire
273 2320 377 2376 erunt.
419 2310 515 2376 Unde
536 2322 570 2376 et
591 2309 647 2376 bie
668 2309 764 2377 dolor
786 2309 821 2376 in
854 2311 948 2378 vinee
980 2310 1115 2378 Domini
1149 2311 1296 2398 fumiget.

165 2421 210 2487 Et
229 2431 304 2510 post
326 2422 404 2487 boec
427 2420 565 2490 fortiore
586 2419 754 2514 prioribus
774 2434 918 2514 ternpore
941 2436 1099 2512 surgent,
1120 2423 1155 2488 in
1178 2421 1297 2510 quibus

168 2532 296 2625 institia
318 2532 382 2598 Dei
406 2531 642 2624 aliquantulum
666 2533 810 2622 erigetur
844 2547 877 2600 et
919 2533 953 2599 in
988 2533 1106 2622 quibus
1139 2531 1297 2599 iniustitia

166 2644 323 2734 spiritalis
345 2645 458 2735 populi
488 2646 529 2709 nd
563 2645 771 2710 eiiciendum‘
789 2643 961 2710 notabitur.
1005 2643 1073 2710 Sed
1096 2656 1202 2710 temen
1225 2667 1297 2732 pro·

166 2755 274 2822 vocari
303 2769 335 2821 et
356 2757 541 2821 exacerbari
573 2757 614 2822 sd
643 2755 869 2823 contritionem
892 2757 1011 2822 acriter
1040 2757 1181 2824 nondum
1204 2756 1297 2822 cude-

165 2866 263 2933 bitur.
328 2865 395 2932 Sed
440 2866 557 2932 deinde
601 2867 665 2936 eliu
708 2880 853 2958 tempore
897 2866 1062 2933 instabunt
1103 2867 1138 2932 in
1178 2865 1298 2957 quibus

168 2978 299 3046 divitiae
332 2978 497 3046 Ecclesiae
527 2979 778 3072 dispergentur,
823 2979 866 3046 ito
896 2979 982 3069 quod
1014 2979 1110 3046 etiem
1142 2978 1298 3070 spiritalis

166 3091 307 3183 populus
351 3092 441 3159 velut
473 3117 491 3157 n
521 3090 609 3181 lupis
639 3091 836 3159 lacerabitur
868 3105 900 3160 et
934 3117 951 3158 o
984 3092 1067 3157 loeis
1101 3091 1168 3157 suis
1197 3104 1230 3156 et
1258 3091 1298 3154 de

167 3203 268 3292 petria
291 3227 347 3268 suu
369 3205 559 3295 expelletur.
602 3204 697 3304 llnde
718 3203 854 3296 plurimi
883 3226 995 3269 eorum
1028 3203 1067 3267 ud
1090 3202 1312 3270 solitudinem.

167 3312 374 3398 transibunt,
414 3340 589 3406 pauperem
623 3316 721 3384 vitem
765 3316 800 3383 in
833 3315 931 3382 multa
965 3315 1158 3384 contritione
1190 3315 1298 3382 cordis

168 3424 322 3516 deinceps
345 3425 499 3493 hebentes
521 3439 553 3493 et
586 3427 634 3493 sic
656 3427 728 3494 Deo
760 3411 928 3491 humiliter
961 3427 1144 3502 servientes
1188 3427 1298 3492 Primo

169 3536 287 3602 etenim
311 3537 390 3601 boec
413 3545 557 3626 tempore
580 3533 620 3600 ed
642 3533 797 3602 iustitium
816 3534 880 3601 Dei
904 3547 979 3601 sunt
999 3537 1144 3625 squalido
1167 3559 1298 3623 sequeu-

169 3645 212 3712 tir
250 3671 327 3712 vero
361 3646 513 3713 tredioso.
557 3644 651 3734 Qube
686 3658 793 3713 eutem
826 3645 942 3712 deinde
974 3647 1225 3737 supervenient,
1258 3645 1300 3710 ml

169 3755 327 3822 iustitium
350 3779 385 3820 se
407 3754 448 3821 ud
471 3753 634 3821 modicum
655 3753 800 3844 erigent,
822 3754 879 3820 sed
902 3766 1101 3846 queepostee
1119 3753 1306 3848 insurgent,

171 3867 265 3958 qussi
289 3890 382 3934 ursus
405 3877 518 3933 ennete
541 3865 689 3934 divident
710 3877 743 3930 et
765 3865 893 3934 divitias
923 3865 983 3932 sibi
1005 3849 1064 3956 per
1087 3867 1205 3934 melum
1228 3873 1300 3935 eon-

169 3963 290 4069 gereot
333 3975 401 4048 Sed
424 4001 505 4066 quoe
526 3979 586 4047 ille
605 3989 800 4068 sequentur,
821 3977 949 4065 signum
973 3977 1077 4048 virilis
1100 3979 1300 4048 fortitudinis
