2924 4542
181 497 185 502 .
312 469 315 475 ·
388 435 476 510 Gna.
506 433 575 508 xl.
617 433 686 506 ⁴De
722 429 888 506 Gna-
922 429 1093 509 Glana-
1143 452 1147 464 ·

252 578 339 647 Gtrn
362 579 405 644 de
426 580 503 645 aliis
523 577 712 648 fluminibus
734 587 843 642 urtam
865 574 983 657 hahet,
1016 573 1141 639 ideireo
1164 583 1196 640 et
1218 577 1302 664 aqua'

163 689 239 774 ejus
269 691 469 779 aliquantum
498 713 608 780 aspera
631 700 675 754 'et
702 711 779 754 sana
811 699 879 768 est,
909 697 1004 776 atque
1020 685 1068 750 ad
1090 684 1184 750 eihus
1208 696 1239 750 et
1261 686 1302 752 ad

164 812 281 889 putus,
305 801 344 864 ad
367 800 482 865 balnea
505 799 599 864 etad
622 799 739 864 faeiem
760 796 927 866 lavandam
950 794 1046 862 vater.
1089 794 1201 860 Pisaea
1225 817 1304 883 qua-

166 933 230 998 que
252 910 326 994 ejus
357 910 426 974 sani
455 921 549 992 sunt,
580 909 638 975 sed
668 905 727 974 diu
760 909 877 972 durare
906 928 972 972 nan
1003 917 1138 995 possunt
1167 916 1304 995 propter
1443 959 1444 978 2

165 1021 371 1110 asperitatem
387 1019 535 1108 ejusdem
551 1005 663 1111 aquae,
686 1039 847 1107 arenaque
861 1018 934 1104 ejus
949 1017 1087 1108 pulehra
1104 1029 1137 1084 et
1152 1040 1228 1084 sana
1244 1026 1304 1084 est.

502 1183 604 1257 Gar.
630 1180 720 1254 ΧΗ.
772 1181 832 1250 De
859 1190 966 1253 terra.

251 1327 354 1395 Terra
366 1329 559 1428 naturaliter
577 1328 697 1417 trigidae
718 1339 767 1394 est
778 1341 809 1395 et
822 1325 979 1418 plurimas
991 1325 1078 1396 vires
1090 1323 1125 1391 iu
1137 1348 1171 1392 ae
1194 1323 1303 1390 hahet.

166 1435 242 1530 Ipsa
272 1464 410 1544 namque
439 1440 473 1506 in
512 1451 630 1506 aestate
660 1439 800 1504 insenius
837 1437 958 1532 frigida
1003 1449 1052 1504 est
1090 1448 1123 1501 et
1151 1435 1304 1526 superius

59 1623 69 1650 x
166 1552 282 1617 erdere
305 1551 385 1617 solis
408 1550 524 1632 ualida,
547 1550 701 1638 quoniam
724 1550 774 1615 aul
797 1574 856 1638 per
879 1550 966 1616 vires
982 1548 1146 1614 radiorum
1171 1571 1304 1612 suorum

167 1663 309 1727 calorem
339 1673 419 1728 tune
448 1661 564 1748 gignit.
608 1662 647 1726 ln
678 1662 791 1749 hyeme
821 1671 927 1726 atatem
950 1658 1088 1725 interius
1112 1653 1216 1724 calida
1240 1669 1305 1741 est,
1443 1625 1444 1680 ἶ

167 1771 314 1859 alioquin
337 1771 377 1835 de
400 1770 520 1858 frigida
541 1769 692 1836 ariditate
714 1769 930 1853 scinderetur,
955 1782 987 1835 et
1010 1770 1160 1859 superius
1183 1768 1305 1856 frigida
1443 1813 1444 1860 p

168 1895 236 1966 est,
259 1881 411 1972 queniam
434 1881 484 1948 aul
514 1891 593 1950 tuue
624 1882 711 1952 vires
741 1905 814 1948 suas
844 1905 944 1971 anper
975 1893 1093 1947 terram
1124 1881 1307 1958 subtrahit,

167 1993 272 2060 etsie
300 1993 444 2060 terrain
465 1994 574 2060 ealore
604 1993 824 2076 viriditatem,
845 1991 880 2059 in
910 1992 1093 2080 frigiditate
1123 1991 1306 2078 ariditatem

168 2105 318 2173 ostendit.
360 2105 444 2170 Nam
476 2103 511 2168 in
541 2104 658 2192 hyeme
688 2105 736 2170 set
760 2127 858 2192 super
887 2115 1008 2170 terram
1037 2103 1163 2170 sterilis
1186 2113 1307 2184 est,¹et

153 2215 229 2298 ‚suh
251 2227 372 2282 terram
393 2215 535 2280 calorem
556 2239 651 2280 suum
674 2215 764 2302 tigit,
792 2225 950 2304 quatenus
973 2226 1060 2281 terra
1084 2214 1212 2280 diuersa
1234 2235 1307 2300 gra·

167 2326 256 2392 mina
279 2349 409 2392 servare
431 2325 554 2418 possit,
572 2313 620 2391 'et
643 2325 691 2392 sie
713 2325 772 2390 iila
793 2349 854 2416 per
875 2327 1015 2392 ualerem
1038 2336 1069 2391 et
1092 2323 1314 2412 frigiditatem.
1438 2342 1441 2375 ²

168 2447 284 2504 euneta
312 2435 460 2524 gramina
488 2436 626 2524 prefert.
675 2436 721 2502 m
750 2448 837 2503 terra
859 2436 953 2519 alhr,
982 2436 1018 2500 id
1048 2448 1098 2502 est
1126 2433 1247 2523 pallida
1276 2445 1308 2500 et

168 2547 284 2634 nigra,
315 2547 391 2613 nul'a
424 2558 458 2614 et
489 2546 671 2617 subviridis
704 2559 762 2616 eat.
814 2548 917 2614 'l'erra
950 2570 1032 2636 qaae
1059 2546 1151 2626 alba,
1184 2546 1308 2612 seilicet

167 2679 252 2745 quae
273 2656 395 2748 pallida
406 2668 467 2739 est,
489 2669 521 2722 et
539 2681 685 2742 arenosa,
707 2657 908 2745 aliquantum
920 2658 1012 2725 arida
1027 2669 1088 2740 est,
1109 2682 1147 2724 ae
1163 2679 1307 2745 grossam

168 2767 413 2848 humiditatem,
443 2778 476 2832 et
508 2780 614 2854 guttas
646 2792 776 2855 grossas
797 2768 930 2858 pluviae
950 2768 1066 2852 hahet,
1089 2781 1121 2834 et
1144 2792 1183 2834 ex
1205 2766 1308 2834 humi·

169 2875 267 2943 ditate
298 2877 357 2941 hae
387 2899 500 2962 gruem
531 2875 642 2942 viuum
667 2887 698 2940 et
728 2877 890 2966 pomifera
911 2875 1003 2962 ligna
1026 2876 1131 2964 gignit
1153 2887 1185 2942 et
1208 2877 1308 2944 madi·

168 3011 242 3054 eum
273 2987 428 3052 frumenti
437 3013 449 3072 3
478 2986 631 3076 quoniam
664 2998 750 3052 terra
781 3010 863 3076 quae
893 2987 1047 3056 subtilem
1084 2989 1306 3056 humiditatem

169 3099 273 3183 (velut
306 3098 449 3164 minutae
480 3109 589 3183 guttae
618 3105 708 3174 sunt)
737 3099 772 3163 in
801 3121 837 3164 se
866 3097 1005 3181 retinet,
1037 3123 1079 3164 ex
1100 3099 1170 3189 ipsa
1193 3098 1307 3166 subtili

167 3208 362 3275 humiditate
377 3210 576 3275 trumentum
597 3208 706 3296 gignit
728 3221 760 3274 et
782 3209 947 3278 medicum
968 3209 1038 3278 viui
1051 3221 1085 3278 et
1099 3234 1199 3300 panea
1215 3212 1308 3297 ligna

167 3309 338 3409 pomifera.
389 3320 492 3384 Terra
521 3331 628 3386 autem
650 3343 732 3409 quae
754 3319 850 3407 nigra
871 3331 942 3403 est,
968 3320 1005 3386 in
1034 3333 1125 3389 reatu
1155 3333 1310 3412 tempera-

167 3443 277 3505 mento
301 3429 490 3518 trigidulrm
515 3433 736 3497 humiditatem
758 3432 867 3514 hahet,
890 3453 1054 3521 quernae
1075 3434 1174 3499 nimis
1197 3433 1311 3515 muita,

167 3566 229 3609 nee
250 3542 349 3608 nimis
381 3565 479 3630 parva
515 3541 642 3625 existit,
675 3544 732 3610 aad
764 3545 949 3626 moderata,
980 3554 1012 3609 et
1045 3557 1084 3610 ex
1105 3537 1309 3611 'humiditate

168 3653 230 3718 ista
252 3677 319 3718 nou
348 3677 460 3720 amnes
484 3654 608 3718 fruetus
631 3654 762 3742 piguit,
792 3658 848 3723 aed
879 3659 1025 3723 'tanetum
1057 3660 1152 3747 quem
1183 3657 1309 3746 piguit,

167 3763 311 3855 pleniter
332 3766 444 3848 affert,
467 3775 498 3830 et
521 3765 561 3829 de
585 3766 774 3833 humiditate
800 3790 857 3832 sua
881 3767 1124 3856 tempestatibus
1146 3769 1311 3834 interdum

169 3885 315 3964 quassata
338 3875 373 3940 in
397 3878 506 3942 fruetn
529 3877 691 3942 defectum
713 3877 819 3944 hahet.
863 3878 930 3945 Sed
953 3890 1040 3944 terra
1062 3879 1163 3946 ruhea
1185 3889 1310 3945 reetum

167 3997 455 4078 temperamentum
480 3986 516 4053 iu
536 3987 728 4053 humiditate
751 4000 783 4055 et
805 3988 839 4054 in
861 3989 1009 4055 ariditate
1031 3989 1148 4071 hahet,
1181 3999 1214 4056 et
1234 3987 1309 4054 idea
