2924 4542
1216 273 1270 352 21

207 455 283 534 lib.
323 459 368 534 ele
405 464 583 560 pastinaca
615 501 652 518 -
685 463 945 536 Pestinece'
971 464 1122 538 sativo
1151 471 1192 549 ¹).

140 621 314 692 Pastineca·
344 623 469 713 frigida
493 625 605 692 existit
637 637 669 692 et
702 639 751 693 est
782 628 918 696 refectio
951 631 1114 715 bominis,
1147 655 1207 698 nce
1238 633 1270 698 ci
1312 677 1314 682 -

44 831 48 840 Ἰ
140 733 180 802 atl
212 735 380 802 sanitatem
414 737 550 806 multum
583 737 715 830 prodest
747 763 807 807 nee
840 740 870 807 ei
903 740 1014 830 obest,
1046 743 1102 812 sed
1131 754 1270 810 comesta

139 856 287 914 ventrem
308 844 447 915 bominis
468 859 592 917 tontum
614 849 738 942 implet.

218 1035 286 1113 67.
314 1037 357 1111 de
385 1039 501 1116 Ennle
526 1083 578 1098 -
603 1042 732 1116 Inule
757 1043 1012 1124 Helenium.

139 1203 247 1274 Enula
280 1207 402 1276 calidae
433 1221 466 1274 et
497 1209 600 1276 siccae
632 1193 765 1277 notos-ac
799 1223 848 1278 est
882 1223 914 1279 ct
946 1212 1063 1279 viriles
1097 1213 1184 1280 vires
1217 1220 1278 1306 lnt-¹

138 1316 204 1384 bet.
245 1318 289 1386 Et
311 1339 370 1406 per
391 1326 494 1384 totum
516 1341 654 1404 annom,
683 1319 860 1386 tamaricis
883 1345 978 1408 qoam
1001 1321 1134 1402 viridis,
1167 1325 1202 1388 in
1225 1325 1271 1390 vi-

138 1453 216 1494 num
243 1441 394 1520 ponetur.
437 1429 481 1496 Et
503 1431 559 1521 qni
582 1431 617 1499 in
639 1431 792 1523 pulmone
808 1433 917 1518 dolet,
940 1435 1021 1500 banc
1044 1435 1079 1500 in
1096 1435 1172 1502 vino
1194 1460 1271 1524 quo·

139 1539 219 1607 tidie
242 1551 316 1608 ante
337 1551 464 1632 etpost
485 1541 594 1610 eibum
616 1544 741 1610 modice
762 1543 865 1612 bibat.

217 1748 284 1826 68.
313 1749 357 1824 (le
391 1749 509 1849 poleio
536 1792 587 1804 -
613 1751 798 1826 Mentha
832 1749 1073 1851 Pulegium
1102 1763 1142 1838 ²).

137 1915 290 1984 Poleiom
311 1941 442 1986 suavem
465 1919 605 1985 calorem
634 1917 784 1982 habetet
816 1925 922 1982 tameo
944 1913 1112 1980 bumiclnm
1135 1925 1207 1996 est,
1240 1927 1273 1982 et

139 2031 254 2096 barem
287 2029 470 2120 quindecim
493 2030 666 2096 herbarum
690 2028 832 2116 aliquam
853 2027 1007 2094 virtutem
1041 2028 1075 2093 in
1106 2051 1142 2094 sc
1164 2029 1272 2112 babet,

139 2143 262 2210 scilieet
282 2141 436 2226 nitrea-is,
469 2141 651 2232 gariofyli,
684 2141 860 2228 galangae,
891 2140 1072 2223 zinziberi,
1105 2140 1272 2228 basilicae,

139 2254 326 2322 consolidae
348 2252 501 2340 maioris,
529 2254 737 2342 lungvurtz,
759 2251 1008 2334 aristolochiae,
1030 2252 1197 2318 millefolii
1219 2251 1273 2329 ab,

137 2364 262 2447 rotari,
284 2359 474 2455 polypodii,
495 2364 713 2452 agrimoniae,
736 2374 818 2443 ster,
840 2365 1154 2448 storckenschnabel,
1177 2365 1272 2432 becb.

138 2475 271 2544 minzac.
313 2475 358 2542 llt
378 2476 439 2542 bae
459 2474 579 2543 herbae
600 2497 711 2540 omnes
733 2471 882 2540 febribus
905 2475 1084 2541 contrariae
1108 2487 1191 2542 sunt.

216 2665 281 2742 69.
309 2667 352 2742 (lc
378 2689 555 2766 papavere
582 2707 633 2720 -
659 2669 866 2766 Papaver
899 2669 1204 2744 somniferam.

138 2831 287 2924 Papaver
308 2833 468 2922 frigidum
489 2846 538 2902 est
561 2847 593 2901 et
614 2835 741 2901 modice
763 2834 941 2902 homicium.

218 3023 282 3098 70.
309 3023 353 3098 de
375 3035 533 3098 tanaceto
560 3065 611 3080 -
637 3027 913 3100 Tenacetum
940 3026 1142 3129 vulgare.

139 3189 333 3257 Tauecetom
355 3189 496 3256 calidum
518 3189 629 3257 existit
651 3201 683 3258 et
718 3203 829 3258 eontra
850 3216 961 3259 omncs
983 3198 1216 3286 superfluentes
1240 3213 1272 3268 et

139 3305 303 3369 effluentes
323 3302 474 3368 laomores
495 3301 590 3368 valet.

219 3493 283 3568 ll.
310 3495 355 3568 tle
390 3498 564 3568 artemisio
590 3535 642 3550 ·-
667 3494 919 3570 Artemisio
951 3496 1168 3599 vulgaris.

140 3659 318 3729 Artemisia
340 3659 434 3730 valle
457 3659 560 3728 eslida
583 3671 632 3728 est
653 3671 685 3727 et
706 3682 820 3727 soccus
853 3658 924 3732 eins
957 3665 1052 3734 velte
1084 3667 1185 3735 utilis.

143 3837 345 3854 m

212 3943 244 4007 l)
263 3939 355 3998 bfaeer
370 3945 421 4002 vir.
438 3941 514 4000 berb.
534 3945 625 4004 {lob

207 4031 241 4095 b)
259 4031 351 4088 sonti
368 4029 467 4087 bortel.
487 4031 559 4088 ³06.
