2924 4542
1232 282 1286 325 ‘vn

153 430 344 500 Exuitemos
366 434 399 499 io
422 433 565 502 Donido
583 441 619 518 'et
646 436 868 523 priteleinu'r,
900 437 987 528 quod
1020 441 1137 504 nomen
1154 438 1285 506 'Christi

154 544 195 612 de
216 543 271 612 die
292 545 328 612 in
352 545 437 612 diem
458 546 668 635 glorificetur.
682 546 717 614 in
739 559 789 630 te,
812 547 856 614 its
877 559 913 614 ut
936 560 969 615 et
989 549 1187 616 admirantes
1202 551 1286 617 dies·

152 681 241 725 muse
284 658 370 748 Quis
392 659 507 726 similis
528 658 577 725 tui
599 659 634 724 iu
657 660 799 728 tordius
821 661 987 729 Domine?
1044 661 1131 751 Quis
1165 661 1286 728 similis

153 769 224 838 ruit
257 770 453 859 Magnificus
474 771 514 838 in
542 772 728 856 sanctitate,
761 772 918 840 terribilis
939 787 972 841 et
992 775 1165 841 laudabilis
1185 786 1220 840 et
1242 775 1287 840 ic·

154 882 245 949 ciens
267 881 436 949 'mirabilis
468 883 587 968 (Exod.
621 885 695 960 15.)
735 885 931 954 Audivimus
953 887 1051 953 ‘euim
1082 899 1116 954 et
1146 886 1286 953 vidimus

154 995 318 1062 multedc
345 1006 388 1062 te·
422 993 559 1064 Scimus
581 996 698 1080 etiem,
731 999 819 1087 quod
840 999 914 1088 pies
946 999 1123 1066 memoriae
1154 999 1287 1089 praede

150 1129 264 1174 cessor
284 1121 414 1192 noster,
448 1108 503 1176 eni
525 1109 564 1175 ed
587 1110 808 1176 nutriendum·
828 1134 977 1201 sponsum
1000 1103 1126 1178 Cirr-isti
1149 1136 1207 1201 per
1229 1110 1287 1178 ni-

155 1219 262 1286 vinem
283 1221 421 1308 gretiam
440 1221 672 1304 successimus,
704 1236 736 1288 te
769 1223 872 1290 muit'o
902 1223 1016 1291 effectu
1053 1222 1190 1305 dilexit,
1225 1248 1289 1288 nm·

154 1333 269 1424 plexus
291 1345 394 1400 estet
415 1332 546 1401 redivit.
589 1334 693 1402 Cuius
715 1346 750 1401 ct
763 1359 823 1402 nos
838 1335 976 1422 vestigio
999 1334 1121 1416 secuti,
1143 1334 1287 1400 seribere

155 1443 217 1510 tibi
239 1445 422 1511 studuimus
446 1445 646 1536 ctrsseripte
666 1458 721 1513 tue
744 1447 855 1514 videre
877 1447 1109 1530 desideramus,
1131 1469 1289 1536 quaereu-

52 1611 58 1618 .
154 1567 205 1622 tes
225 1555 283 1622 ilie
304 1580 388 1646 quoe
411 1558 500 1623 Dens
524 1557 557 1624 in
589 1568 622 1624 te
644 1571 815 1648 operetur-¹,
849 1558 997 1650 quemvis
1030 1583 1090 1625 nos
1120 1556 1156 1624 in
1192 1557 1288 1625 bonis

155 1669 390 1752 claudicemus,
413 1670 448 1736 in
471 1669 591 1760 quibus
611 1682 677 1736 tom
699 1670 893 1738 lassitudine
914 1671 1062 1762 eorporis
1083 1693 1179 1760 qurum
1202 1693 1288 1736 meu-

155 1781 197 1848 tis
217 1795 348 1850 nostroe
368 1783 585 1873 suspiremus,
615 1807 686 1848 eum
710 1807 770 1849 nos
792 1783 834 1847 sd
856 1782 1006 1849 coelestis
1028 1805 1088 1873 per·
1120 1782 1289 1870 negliges·
1434 1801 1438 1810 ·

154 1895 232 1960 tiens
266 1907 409 1962 nostrum
442 1920 570 1962 sursum
603 1919 668 1962 uon
702 1893 879 1982 eripimus,
911 1904 947 1959 ut
979 1893 1053 1959 iure
1087 1893 1288 1992 deberemus.

155 2007 369 2076 Occultorum
392 2018 497 2074 entem
520 2007 671 2096 cognitor
692 2017 725 2072 et
746 2006 954 2108 voluntatem¹
972 2016 1006 2072 ct
1037 2003 1288 2096 possibilitetem

156 2131 298 2184 nostrone
332 2119 430 2185 novit.
494 2119 719 2185 Admonemus
751 2117 875 2206 igitur,
907 2141 1060 2206 rogemus
1102 2128 1135 2184 et
1167 2115 1288 2183 obnixe

158 2339 295 2423 feodos,
332 2351 490 2430 quotenos
512 2366 571 2432 per
592 2342 745 2409 virtutem
768 2341 870 2431 ipsius
890 2341 933 2406 od
953 2341 1111 2408 iustitium
1132 2363 1194 2408 uos
1226 2339 1289 2406 cri-

157 2473 235 2540 pere
257 2453 436 2534 vatemus,
459 2451 503 2520 ite
527 2465 562 2519 ot
583 2475 642 2542 per
663 2453 726 2518 hoc
739 2463 869 2518 reterns
894 2453 1036 2543 praemis
1063 2452 1289 2542 adipiscemur,

158 2565 198 2631 ed
221 2565 278 2632 ilio
307 2565 467 2656 praesenti
489 2565 555 2633 vite
578 2564 728 2634 snhelere
749 2588 815 2634 nou
849 2563 1043 2634 deficientes.
1086 2566 1155 2633 Pox
1176 2563 1236 2631 tibi
1257 2575 1291 2630 'et

159 2677 309 2745 omnibus
329 2677 395 2746 tuis
418 2677 468 2745 sit.

694 2883 756 2952 111.

276 3063 280 3070 ’
353 3071 596 3142 sociemus
622 3071 755 3139 -ΡΑΡΑ
787 3067 1096 3141 messenum.

585 3205 636 3260 su.
654 3202 714 3259 co.
733 3222 795 3274 m.
815 3201 864 3262 rs.

246 3355 412 3424 Adrianus
445 3356 616 3447 episeopus
645 3379 759 3426 servus
794 3374 963 3422 servornm
999 3351 1065 3420 oei
1094 3349 1290 3438 Hildegrrdi

162 3469 299 3538 dileetre
321 3467 355 3534 iu
386 3468 646 3551 christonius,
675 3465 875 3560 paepositus
905 3462 943 3534 S.
972 3464 1111 3532 liuberti
1144 3463 1307 3546 Solutem¹

162 3593 194 3648 et
217 3579 425 3671 apostolicam
449 3576 714 3646 benedictionem.
758 3575 946 3646 Gendemus
967 3599 988 3642 o
1009 3574 1077 3641 diis
1108 3585 1139 3640 et
1172 3575 1293 3642 exuite-

163 3719 234 3760 mus
258 3694 292 3760 iu
315 3692 468 3775 Domino,
492 3691 577 3783 qnod
601 3684 777 3761 ironestetis
799 3700 874 3754 tuce
896 3685 1007 3778 opinio
1030 3686 1074 3753 itu
1097 3687 1161 3756 inte
1183 3689 1293 3778 longe·

165 3829 227 3894 quc
251 3804 464 3888 diffunditur,
486 3817 522 3871 nt
544 3804 654 3870 multis
675 3803 733 3872 des
756 3806 836 3873 odor
859 3804 944 3871 vitae
978 3803 1011 3868 in
1042 3802 1139 3870 vitem
1169 3803 1209 3880 (9
1231 3803 1293 3872 Co·

165 3915 263 3982 rintir.
287 3917 326 3996 2)
355 3930 388 3986 et
416 3915 551 3986 aturln
573 3917 718 3985 iidciium
740 3917 935 4008 populorum
958 3914 994 3981 iu
1016 3917 1062 3982 tui
1085 3917 1292 4005 praeconium

165 4029 376 4098 exclametur:
407 4029 500 4121 Ques
522 4033 571 4100 cst
600 4029 663 4097 ists
685 4051 768 4120 quoe
789 4025 934 4098 escendit
960 4051 1021 4120 per
1043 4028 1203 4096 desertum
1225 4037 1292 4093 ten·
