<?xml version="1.0" encoding="UTF-8"?>
<!DOCTYPE html PUBLIC "-//W3C//DTD XHTML 1.0 Transitional//EN"
    "http://www.w3.org/TR/xhtml1/DTD/xhtml1-transitional.dtd">
<html xmlns="http://www.w3.org/1999/xhtml" xml:lang="en" lang="en">
 <head>
  <title>
</title>
<meta http-equiv="Content-Type" content="text/html;charset=utf-8" />
  <meta name='ocr-system' content='tesseract 3.04.00' />
  <meta name='ocr-capabilities' content='ocr_page ocr_carea ocr_par ocr_line ocrx_word'/>
</head>
<body>
  <div class='ocr_page' id='page_1' title='image "./delibrisphysici00reusgoog_0017.png"; bbox 0 0 2924 4542; ppageno 0'>
   <div class='ocr_carea' id='block_1_1' title="bbox 178 229 215 274">
    <p class='ocr_par' dir='ltr' id='par_1_1' title="bbox 178 229 215 274">
     <span class='ocr_line' id='line_1_1' title="bbox 178 229 215 274; baseline 0.054 -2"><span class='ocrx_word' id='word_1_1' title='bbox 178 229 215 274; x_wconf 79' lang='lat' dir='ltr'><strong>V!</strong></span> 
     </span>
    </p>
   </div>
   <div class='ocr_carea' id='block_1_2' title="bbox 186 346 1303 903">
    <p class='ocr_par' dir='ltr' id='par_1_2' title="bbox 186 346 1303 903">
     <span class='ocr_line' id='line_1_2' title="bbox 186 346 1303 502; baseline 0 -38"><span class='ocrx_word' id='word_1_2' title='bbox 186 363 541 467; x_wconf 74' lang='lat' dir='ltr'><strong>&#39;suessonam</strong></span> <span class='ocrx_word' id='word_1_3' title='bbox 586 390 824 484; x_wconf 79' lang='lat' dir='ltr'><strong>aarouor</strong></span> <span class='ocrx_word' id='word_1_4' title='bbox 873 393 947 466; x_wconf 85' lang='lat' dir='ltr'><strong>nx</strong></span> <span class='ocrx_word' id='word_1_5' title='bbox 984 346 1245 502; x_wconf 75' lang='lat' dir='ltr'><strong>nummus</strong></span> <span class='ocrx_word' id='word_1_6' title='bbox 1302 461 1303 464; x_wconf 76' lang='grc'>,</span> 
     </span>
     <span class='ocr_line' id='line_1_3' title="bbox 395 506 1275 633; baseline 0.008 -41"><span class='ocrx_word' id='word_1_7' title='bbox 395 512 720 593; x_wconf 75' lang='lat' dir='ltr'><strong>&#39;oonournusr</strong></span> <span class='ocrx_word' id='word_1_8' title='bbox 754 519 1089 633; x_wconf 79' lang='lat' dir='ltr'><strong>uxouueuan.</strong></span> <span class='ocrx_word' id='word_1_9' title='bbox 1182 506 1190 518; x_wconf 85' lang='lat'><em>&#39;</em></span> <span class='ocrx_word' id='word_1_10' title='bbox 1271 621 1275 630; x_wconf 16' lang='grc' dir='ltr'><strong><em>Δ</em></strong></span> 
     </span>
     <span class='ocr_line' id='line_1_4' title="bbox 692 663 927 736; baseline 0.009 -68"><span class='ocrx_word' id='word_1_11' title='bbox 692 663 755 736; x_wconf 12' lang='lat'><strong>¹¹·</strong></span> <span class='ocrx_word' id='word_1_12' title='bbox 922 679 927 692; x_wconf 60' lang='grc'><strong><em>,</em></strong></span> 
     </span>
     <span class='ocr_line' id='line_1_5' title="bbox 226 777 1152 903; baseline 0.008 -32"><span class='ocrx_word' id='word_1_13' title='bbox 226 777 227 782; x_wconf 65' lang='lat'>&#39;</span> <span class='ocrx_word' id='word_1_14' title='bbox 333 803 566 872; x_wconf 78' lang='lat' dir='ltr'><strong>susumus</strong></span> <span class='ocrx_word' id='word_1_15' title='bbox 592 805 827 903; x_wconf 82' lang='lat' dir='ltr'><strong>roumrnx</strong></span> <span class='ocrx_word' id='word_1_16' title='bbox 846 807 1152 878; x_wconf 82' lang='lat' dir='ltr'><strong>urnnnoaunr.</strong></span> 
     </span>
    </p>
   </div>
   <div class='ocr_carea' id='block_1_3' title="bbox 587 921 903 1002">
    <p class='ocr_par' dir='ltr' id='par_1_3' title="bbox 587 921 903 1002">
     <span class='ocr_line' id='line_1_6' title="bbox 587 921 903 1002; baseline 0.009 -28"><span class='ocrx_word' id='word_1_17' title='bbox 587 921 662 978; x_wconf 86' lang='lat' dir='ltr'><strong>Edit.</strong></span> <span class='ocrx_word' id='word_1_18' title='bbox 681 923 773 1002; x_wconf 84' lang='lat' dir='ltr'><strong>Calon.</strong></span> <span class='ocrx_word' id='word_1_19' title='bbox 790 943 853 996; x_wconf 73' lang='lat' dir='ltr'><strong>pag.</strong></span> <span class='ocrx_word' id='word_1_20' title='bbox 875 923 903 978; x_wconf 84' lang='lat' dir='ltr'><strong>l.</strong></span> 
     </span>
    </p>
   </div>
   <div class='ocr_carea' id='block_1_4' title="bbox 170 1012 1321 1352">
    <p class='ocr_par' dir='ltr' id='par_1_4' title="bbox 170 1012 1321 1352">
     <span class='ocr_line' id='line_1_7' title="bbox 263 1012 1321 1144; baseline 0.006 -38"><span class='ocrx_word' id='word_1_21' title='bbox 263 1037 431 1126; x_wconf 67' lang='lat' dir='ltr'><strong>diogenius</strong></span> <span class='ocrx_word' id='word_1_22' title='bbox 463 1061 575 1144; x_wconf 77' lang='lat' dir='ltr'><strong>servus</strong></span> <span class='ocrx_word' id='word_1_23' title='bbox 607 1063 776 1108; x_wconf 87' lang='lat' dir='ltr'><strong>servorum</strong></span> <span class='ocrx_word' id='word_1_24' title='bbox 808 1043 890 1126; x_wconf 84' lang='lat' dir='ltr'><strong>Dei,</strong></span> <span class='ocrx_word' id='word_1_25' title='bbox 929 1042 1064 1110; x_wconf 90' lang='lat' dir='ltr'><strong>dilectae</strong></span> <span class='ocrx_word' id='word_1_26' title='bbox 1096 1045 1132 1110; x_wconf 90' lang='lat' dir='ltr'><strong>in</strong></span> <span class='ocrx_word' id='word_1_27' title='bbox 1163 1012 1321 1129; x_wconf 76' lang='lat' dir='ltr'><strong>lloniiuo</strong></span> 
     </span>
     <span class='ocr_line' id='line_1_8' title="bbox 170 1149 1307 1254; baseline 0.008 -39"><span class='ocrx_word' id='word_1_28' title='bbox 170 1149 264 1254; x_wconf 74' lang='lat' dir='ltr'><strong>¹felice</strong></span> <span class='ocrx_word' id='word_1_29' title='bbox 284 1149 502 1238; x_wconf 75' lang='lat' dir='ltr'><strong>Hildegardi,</strong></span> <span class='ocrx_word' id='word_1_30' title='bbox 524 1152 728 1244; x_wconf 73' lang='lat' dir='ltr'><strong>praepositae</strong></span> <span class='ocrx_word' id='word_1_31' title='bbox 749 1153 784 1220; x_wconf 88' lang='lat' dir='ltr'><strong>iu</strong></span> <span class='ocrx_word' id='word_1_32' title='bbox 805 1165 914 1221; x_wconf 89' lang='lat' dir='ltr'><strong>moute</strong></span> <span class='ocrx_word' id='word_1_33' title='bbox 936 1153 1021 1220; x_wconf 85' lang='lat' dir='ltr'><strong>beati</strong></span> <span class='ocrx_word' id='word_1_34' title='bbox 1043 1154 1203 1238; x_wconf 83' lang='lat' dir='ltr'><strong>lloberti,</strong></span> <span class='ocrx_word' id='word_1_35' title='bbox 1225 1157 1307 1230; x_wconf 89' lang='lat' dir='ltr'><strong>salu-</strong></span> 
     </span>
     <span class='ocr_line' id='line_1_9' title="bbox 177 1262 1308 1352; baseline 0.005 -25"><span class='ocrx_word' id='word_1_36' title='bbox 177 1273 243 1328; x_wconf 89' lang='lat' dir='ltr'><strong>tem</strong></span> <span class='ocrx_word' id='word_1_37' title='bbox 264 1272 307 1327; x_wconf 81' lang='lat' dir='ltr'><strong>et</strong></span> <span class='ocrx_word' id='word_1_38' title='bbox 341 1262 551 1352; x_wconf 87' lang='lat' dir='ltr'><strong>apostolicam</strong></span> <span class='ocrx_word' id='word_1_39' title='bbox 585 1262 854 1346; x_wconf 84' lang='lat' dir='ltr'><strong>benedictionem.</strong></span> <span class='ocrx_word' id='word_1_40' title='bbox 915 1265 1073 1332; x_wconf 79' lang='lat' dir='ltr'>Miramur</span> <span class='ocrx_word' id='word_1_41' title='bbox 1106 1291 1126 1334; x_wconf 95' lang='lat' dir='ltr'><strong>o</strong></span> <span class='ocrx_word' id='word_1_42' title='bbox 1159 1267 1241 1350; x_wconf 85' lang='lat' dir='ltr'><strong>filia,</strong></span> <span class='ocrx_word' id='word_1_43' title='bbox 1275 1279 1308 1333; x_wconf 87' lang='lat' dir='ltr'><strong>et</strong></span> 
     </span>
    </p>
   </div>
   <div class='ocr_carea' id='block_1_5' title="bbox 176 1372 1448 1464">
    <p class='ocr_par' dir='ltr' id='par_1_5' title="bbox 176 1372 1448 1464">
     <span class='ocr_line' id='line_1_10' title="bbox 176 1372 1448 1464; baseline 0.005 -23"><span class='ocrx_word' id='word_1_44' title='bbox 176 1398 274 1464; x_wconf 86' lang='lat' dir='ltr'><strong>supra</strong></span> <span class='ocrx_word' id='word_1_45' title='bbox 296 1372 332 1439; x_wconf 88' lang='lat' dir='ltr'><strong>id</strong></span> <span class='ocrx_word' id='word_1_46' title='bbox 350 1374 436 1463; x_wconf 85' lang='lat' dir='ltr'><strong>qnod</strong></span> <span class='ocrx_word' id='word_1_47' title='bbox 453 1374 542 1440; x_wconf 92' lang='lat' dir='ltr'><strong>credi</strong></span> <span class='ocrx_word' id='word_1_48' title='bbox 557 1387 681 1464; x_wconf 83' lang='lat' dir='ltr'><strong>potest,</strong></span> <span class='ocrx_word' id='word_1_49' title='bbox 703 1376 878 1460; x_wconf 87' lang='lat' dir='ltr'><strong>miramur,</strong></span> <span class='ocrx_word' id='word_1_50' title='bbox 900 1376 975 1464; x_wconf 86' lang='lat' dir='ltr'><strong>quia</strong></span> <span class='ocrx_word' id='word_1_51' title='bbox 994 1378 1084 1446; x_wconf 85' lang='lat' dir='ltr'><strong>Deus</strong></span> <span class='ocrx_word' id='word_1_52' title='bbox 1100 1378 1164 1444; x_wconf 88' lang='lat' dir='ltr'><strong>iam</strong></span> <span class='ocrx_word' id='word_1_53' title='bbox 1186 1379 1307 1446; x_wconf 82' lang='lat' dir='ltr'><strong>nostris</strong></span> <span class='ocrx_word' id='word_1_54' title='bbox 1447 1391 1448 1394; x_wconf 74' lang='grc'>’</span> 
     </span>
    </p>
   </div>
   <div class='ocr_carea' id='block_1_6' title="bbox 174 1489 1308 2138">
    <p class='ocr_par' dir='ltr' id='par_1_6' title="bbox 174 1489 1308 2138">
     <span class='ocr_line' id='line_1_11' title="bbox 174 1489 1308 1580; baseline -0.002 -22"><span class='ocrx_word' id='word_1_55' title='bbox 174 1489 378 1578; x_wconf 80' lang='lat' dir='ltr'><strong>temporibus</strong></span> <span class='ocrx_word' id='word_1_56' title='bbox 399 1514 483 1556; x_wconf 87' lang='lat' dir='ltr'><strong>nova</strong></span> <span class='ocrx_word' id='word_1_57' title='bbox 506 1489 658 1554; x_wconf 86' lang='lat' dir='ltr'><strong>miracula</strong></span> <span class='ocrx_word' id='word_1_58' title='bbox 687 1489 850 1570; x_wconf 79' lang='lat' dir='ltr'><strong>ostendit,</strong></span> <span class='ocrx_word' id='word_1_59' title='bbox 885 1513 958 1554; x_wconf 86' lang='lat' dir='ltr'><strong>oum</strong></span> <span class='ocrx_word' id='word_1_60' title='bbox 987 1501 1020 1554; x_wconf 92' lang='lat' dir='ltr'><strong>te</strong></span> <span class='ocrx_word' id='word_1_61' title='bbox 1042 1490 1159 1580; x_wconf 85' lang='lat' dir='ltr'><strong>spiritu</strong></span> <span class='ocrx_word' id='word_1_62' title='bbox 1181 1514 1239 1558; x_wconf 84' lang='lat' dir='ltr'><strong>suo</strong></span> <span class='ocrx_word' id='word_1_63' title='bbox 1262 1490 1308 1556; x_wconf 84' lang='lat' dir='ltr'><strong>ita</strong></span> 
     </span>
     <span class='ocr_line' id='line_1_12' title="bbox 175 1587 1308 1692; baseline 0.001 -24"><span class='ocrx_word' id='word_1_64' title='bbox 175 1587 344 1692; x_wconf 81' lang='lat' dir='ltr'><strong>perfudit,</strong></span> <span class='ocrx_word' id='word_1_65' title='bbox 367 1601 455 1690; x_wconf 82' lang='lat' dir='ltr'><strong>qrrod</strong></span> <span class='ocrx_word' id='word_1_66' title='bbox 477 1600 596 1666; x_wconf 87' lang='lat' dir='ltr'><strong>diceris</strong></span> <span class='ocrx_word' id='word_1_67' title='bbox 626 1601 728 1668; x_wconf 83' lang='lat' dir='ltr'><strong>multa</strong></span> <span class='ocrx_word' id='word_1_68' title='bbox 759 1611 881 1668; x_wconf 88' lang='lat' dir='ltr'><strong>secreta</strong></span> <span class='ocrx_word' id='word_1_69' title='bbox 903 1600 1034 1684; x_wconf 78' lang='lat' dir='ltr'><strong>videre,</strong></span> <span class='ocrx_word' id='word_1_70' title='bbox 1067 1601 1253 1690; x_wconf 77' lang='lat' dir='ltr'><strong>intelligere</strong></span> <span class='ocrx_word' id='word_1_71' title='bbox 1268 1615 1308 1684; x_wconf 85' lang='lat' dir='ltr'><strong>¹et</strong></span> 
     </span>
     <span class='ocr_line' id='line_1_13' title="bbox 175 1712 1307 1804; baseline 0 -24"><span class='ocrx_word' id='word_1_72' title='bbox 175 1715 336 1804; x_wconf 81' lang='lat' dir='ltr'><strong>prolerre.</strong></span> <span class='ocrx_word' id='word_1_73' title='bbox 390 1715 465 1781; x_wconf 85' lang='lat' dir='ltr'><strong>Hoc</strong></span> <span class='ocrx_word' id='word_1_74' title='bbox 498 1739 517 1778; x_wconf 92' lang='lat' dir='ltr'><strong>a</strong></span> <span class='ocrx_word' id='word_1_75' title='bbox 548 1712 699 1780; x_wconf 80' lang='lat' dir='ltr'><strong>veridicis</strong></span> <span class='ocrx_word' id='word_1_76' title='bbox 731 1713 877 1804; x_wconf 87' lang='lat' dir='ltr'><strong>personis</strong></span> <span class='ocrx_word' id='word_1_77' title='bbox 910 1712 956 1778; x_wconf 87' lang='lat' dir='ltr'><strong>ita</strong></span> <span class='ocrx_word' id='word_1_78' title='bbox 990 1735 1060 1778; x_wconf 88' lang='lat' dir='ltr'><strong>esse</strong></span> <span class='ocrx_word' id='word_1_79' title='bbox 1091 1715 1307 1803; x_wconf 78' lang='lat' dir='ltr'><strong>percepimus,</strong></span> 
     </span>
     <span class='ocr_line' id='line_1_14' title="bbox 177 1823 1308 1914; baseline 0.002 -26"><span class='ocrx_word' id='word_1_80' title='bbox 177 1823 232 1912; x_wconf 88' lang='lat' dir='ltr'><strong>qui</strong></span> <span class='ocrx_word' id='word_1_81' title='bbox 253 1848 288 1890; x_wconf 86' lang='lat' dir='ltr'><strong>se</strong></span> <span class='ocrx_word' id='word_1_82' title='bbox 312 1825 454 1890; x_wconf 83' lang='lat' dir='ltr'><strong>latentur</strong></span> <span class='ocrx_word' id='word_1_83' title='bbox 476 1835 509 1890; x_wconf 89' lang='lat' dir='ltr'><strong>te</strong></span> <span class='ocrx_word' id='word_1_84' title='bbox 531 1839 562 1892; x_wconf 91' lang='lat' dir='ltr'><strong>et</strong></span> <span class='ocrx_word' id='word_1_85' title='bbox 585 1824 707 1894; x_wconf 76' lang='lat' dir='ltr'><strong>vidisse</strong></span> <span class='ocrx_word' id='word_1_86' title='bbox 728 1835 759 1889; x_wconf 91' lang='lat' dir='ltr'><strong>et</strong></span> <span class='ocrx_word' id='word_1_87' title='bbox 782 1825 916 1890; x_wconf 85' lang='lat' dir='ltr'><strong>audisse.</strong></span> <span class='ocrx_word' id='word_1_88' title='bbox 960 1823 1029 1892; x_wconf 87' lang='lat' dir='ltr'><strong>Sed</strong></span> <span class='ocrx_word' id='word_1_89' title='bbox 1062 1824 1139 1914; x_wconf 90' lang='lat' dir='ltr'><strong>quid</strong></span> <span class='ocrx_word' id='word_1_90' title='bbox 1173 1849 1233 1894; x_wconf 87' lang='lat' dir='ltr'><strong>nos</strong></span> <span class='ocrx_word' id='word_1_91' title='bbox 1266 1825 1308 1891; x_wconf 88' lang='lat' dir='ltr'><strong>ad</strong></span> 
     </span>
     <span class='ocr_line' id='line_1_15' title="bbox 175 1935 1308 2028; baseline 0.004 -28"><span class='ocrx_word' id='word_1_92' title='bbox 175 1935 253 2002; x_wconf 78' lang='lat' dir='ltr'><strong>haec</strong></span> <span class='ocrx_word' id='word_1_93' title='bbox 284 1936 392 2004; x_wconf 88' lang='lat' dir='ltr'><strong>dicere</strong></span> <span class='ocrx_word' id='word_1_94' title='bbox 425 1937 586 2020; x_wconf 84' lang='lat' dir='ltr'><strong>valemus,</strong></span> <span class='ocrx_word' id='word_1_95' title='bbox 620 1937 676 2028; x_wconf 92' lang='lat' dir='ltr'><strong>qui</strong></span> <span class='ocrx_word' id='word_1_96' title='bbox 711 1939 832 2004; x_wconf 87' lang='lat' dir='ltr'><strong>elavem</strong></span> <span class='ocrx_word' id='word_1_97' title='bbox 866 1937 1020 2018; x_wconf 78' lang='lat' dir='ltr'><strong>scientiae</strong></span> <span class='ocrx_word' id='word_1_98' title='bbox 1054 1936 1226 2018; x_wconf 85' lang='lat' dir='ltr'><strong>habentes,</strong></span> <span class='ocrx_word' id='word_1_99' title='bbox 1260 1938 1308 2006; x_wconf 83' lang='lat' dir='ltr'><strong>ita</strong></span> 
     </span>
     <span class='ocr_line' id='line_1_16' title="bbox 176 2047 1307 2138; baseline 0.005 -28"><span class='ocrx_word' id='word_1_100' title='bbox 176 2047 263 2136; x_wconf 90' lang='lat' dir='ltr'><strong>qnod</strong></span> <span class='ocrx_word' id='word_1_101' title='bbox 285 2049 436 2112; x_wconf 86' lang='lat' dir='ltr'><strong>claudere</strong></span> <span class='ocrx_word' id='word_1_102' title='bbox 458 2059 490 2113; x_wconf 91' lang='lat' dir='ltr'><strong>et</strong></span> <span class='ocrx_word' id='word_1_103' title='bbox 511 2048 637 2137; x_wconf 86' lang='lat' dir='ltr'><strong>aperire</strong></span> <span class='ocrx_word' id='word_1_104' title='bbox 659 2049 840 2138; x_wconf 83' lang='lat' dir='ltr'><strong>possimus,</strong></span> <span class='ocrx_word' id='word_1_105' title='bbox 863 2060 895 2114; x_wconf 89' lang='lat' dir='ltr'><strong>et</strong></span> <span class='ocrx_word' id='word_1_106' title='bbox 915 2051 977 2116; x_wconf 88' lang='lat' dir='ltr'><strong>hoe</strong></span> <span class='ocrx_word' id='word_1_107' title='bbox 1000 2049 1176 2138; x_wconf 87' lang='lat' dir='ltr'><strong>prudenter</strong></span> <span class='ocrx_word' id='word_1_108' title='bbox 1199 2051 1307 2118; x_wconf 83' lang='lat' dir='ltr'><strong>lacere</strong></span> 
     </span>
    </p>
   </div>
   <div class='ocr_carea' id='block_1_7' title="bbox 170 2158 1448 2248">
    <p class='ocr_par' dir='ltr' id='par_1_7' title="bbox 170 2158 1448 2248">
     <span class='ocr_line' id='line_1_17' title="bbox 170 2158 1448 2248; baseline 0 -26"><span class='ocrx_word' id='word_1_109' title='bbox 170 2180 234 2246; x_wconf 87' lang='lat' dir='ltr'><strong>per</strong></span> <span class='ocrx_word' id='word_1_110' title='bbox 268 2158 438 2224; x_wconf 82' lang='lat' dir='ltr'><strong>stultitia&#39;m</strong></span> <span class='ocrx_word' id='word_1_111' title='bbox 470 2158 678 2248; x_wconf 73' lang='lat' dir='ltr'><strong>negligimus.</strong></span> <span class='ocrx_word' id='word_1_112' title='bbox 744 2159 1017 2246; x_wconf 68' lang='lat' dir='ltr'><strong>Conpratulamur</strong></span> <span class='ocrx_word' id='word_1_113' title='bbox 1049 2159 1152 2246; x_wconf 72' lang='lat' dir='ltr'><strong>igitur</strong></span> <span class='ocrx_word' id='word_1_114' title='bbox 1185 2162 1306 2248; x_wconf 75' lang='lat' dir='ltr'><strong>gratiae</strong></span> <span class='ocrx_word' id='word_1_115' title='bbox 1447 2179 1448 2230; x_wconf 64' lang='lat' dir='ltr'><strong>t</strong></span> 
     </span>
    </p>
   </div>
   <div class='ocr_carea' id='block_1_8' title="bbox 176 2260 1448 2358">
    <p class='ocr_par' dir='ltr' id='par_1_8' title="bbox 176 2260 1448 2358">
     <span class='ocr_line' id='line_1_18' title="bbox 176 2260 1448 2358; baseline 0.004 -22"><span class='ocrx_word' id='word_1_116' title='bbox 176 2260 262 2350; x_wconf 80' lang='lat' dir='ltr'><strong>Ilei,</strong></span> <span class='ocrx_word' id='word_1_117' title='bbox 289 2271 550 2358; x_wconf 73' lang='lat' dir='ltr'><strong>congratulamur</strong></span> <span class='ocrx_word' id='word_1_118' title='bbox 572 2283 604 2338; x_wconf 89' lang='lat' dir='ltr'><strong>et</strong></span> <span class='ocrx_word' id='word_1_119' title='bbox 626 2271 792 2340; x_wconf 87' lang='lat' dir='ltr'><strong>dilectioni</strong></span> <span class='ocrx_word' id='word_1_120' title='bbox 815 2284 908 2354; x_wconf 86' lang='lat' dir='ltr'><strong>tuae,</strong></span> <span class='ocrx_word' id='word_1_121' title='bbox 940 2275 1001 2340; x_wconf 82' lang='lat' dir='ltr'><strong>lroc</strong></span> <span class='ocrx_word' id='word_1_122' title='bbox 1024 2269 1249 2357; x_wconf 83' lang='lat' dir='ltr'><strong>admonentes,</strong></span> <span class='ocrx_word' id='word_1_123' title='bbox 1271 2285 1307 2340; x_wconf 83' lang='lat' dir='ltr'><strong>nt</strong></span> <span class='ocrx_word' id='word_1_124' title='bbox 1447 2275 1448 2280; x_wconf 63' lang='grc'>’</span> 
     </span>
    </p>
   </div>
   <div class='ocr_carea' id='block_1_9' title="bbox 172 2367 1371 3146">
    <p class='ocr_par' dir='ltr' id='par_1_9' title="bbox 172 2367 1371 3146">
     <span class='ocr_line' id='line_1_19' title="bbox 175 2367 1305 2476; baseline 0.005 -30"><span class='ocrx_word' id='word_1_125' title='bbox 175 2383 278 2464; x_wconf 83' lang='lat' dir='ltr'><strong>scias,</strong></span> <span class='ocrx_word' id='word_1_126' title='bbox 312 2384 399 2472; x_wconf 85' lang='lat' dir='ltr'><strong>quod</strong></span> <span class='ocrx_word' id='word_1_127' title='bbox 432 2385 523 2470; x_wconf 80' lang='lat' dir='ltr'><strong>Deus</strong></span> <span class='ocrx_word' id='word_1_128' title='bbox 553 2383 703 2476; x_wconf 86' lang='lat' dir='ltr'><strong>superbis</strong></span> <span class='ocrx_word' id='word_1_129' title='bbox 724 2367 877 2468; x_wconf 81' lang='lat' dir='ltr'><strong>resistit,</strong></span> <span class='ocrx_word' id='word_1_130' title='bbox 897 2384 1075 2452; x_wconf 79' lang='lat' dir='ltr'><strong>humulibus</strong></span> <span class='ocrx_word' id='word_1_131' title='bbox 1108 2398 1214 2452; x_wconf 86' lang='lat' dir='ltr'><strong>autem</strong></span> <span class='ocrx_word' id='word_1_132' title='bbox 1252 2386 1305 2452; x_wconf 88' lang='lat' dir='ltr'><strong>dat</strong></span> 
     </span>
     <span class='ocr_line' id='line_1_20' title="bbox 176 2493 1305 2585; baseline 0.004 -27"><span class='ocrx_word' id='word_1_133' title='bbox 176 2494 322 2580; x_wconf 70' lang='lat' dir='ltr'><strong>gratiam.</strong></span> <span class='ocrx_word' id='word_1_134' title='bbox 360 2495 447 2570; x_wconf 78' lang='lat' dir='ltr'><strong>[dac.</strong></span> <span class='ocrx_word' id='word_1_135' title='bbox 469 2493 504 2560; x_wconf 76' lang='grc'><strong>4.</strong></span> <span class='ocrx_word' id='word_1_136' title='bbox 532 2497 562 2559; x_wconf 81' lang='lat' dir='ltr'><strong>l.</strong></span> <span class='ocrx_word' id='word_1_137' title='bbox 592 2495 680 2560; x_wconf 82' lang='lat' dir='ltr'><strong>Petu.</strong></span> <span class='ocrx_word' id='word_1_138' title='bbox 702 2495 751 2572; x_wconf 75' lang='grc'><strong>5.]</strong></span> <span class='ocrx_word' id='word_1_139' title='bbox 795 2495 942 2562; x_wconf 86' lang='lat' dir='ltr'><strong>Gratiam</strong></span> <span class='ocrx_word' id='word_1_140' title='bbox 971 2508 1077 2561; x_wconf 91' lang='lat' dir='ltr'><strong>autem</strong></span> <span class='ocrx_word' id='word_1_141' title='bbox 1106 2497 1188 2561; x_wconf 83' lang='lat' dir='ltr'><strong>hanc</strong></span> <span class='ocrx_word' id='word_1_142' title='bbox 1223 2521 1305 2585; x_wconf 87' lang='lat' dir='ltr'><strong>qnae</strong></span> 
     </span>
     <span class='ocr_line' id='line_1_21' title="bbox 175 2603 1305 2698; baseline 0.003 -29"><span class='ocrx_word' id='word_1_143' title='bbox 175 2603 265 2670; x_wconf 89' lang='lat' dir='ltr'><strong>inte</strong></span> <span class='ocrx_word' id='word_1_144' title='bbox 288 2618 355 2687; x_wconf 87' lang='lat' dir='ltr'><strong>est,</strong></span> <span class='ocrx_word' id='word_1_145' title='bbox 385 2630 539 2672; x_wconf 86' lang='lat' dir='ltr'><strong>conserva</strong></span> <span class='ocrx_word' id='word_1_146' title='bbox 562 2618 594 2671; x_wconf 93' lang='lat' dir='ltr'><strong>ct</strong></span> <span class='ocrx_word' id='word_1_147' title='bbox 621 2606 766 2689; x_wconf 84' lang='lat' dir='ltr'><strong>custodi,</strong></span> <span class='ocrx_word' id='word_1_148' title='bbox 799 2606 844 2672; x_wconf 88' lang='lat' dir='ltr'><strong>ita</strong></span> <span class='ocrx_word' id='word_1_149' title='bbox 877 2618 914 2672; x_wconf 92' lang='lat' dir='ltr'><strong>ut</strong></span> <span class='ocrx_word' id='word_1_150' title='bbox 947 2631 983 2672; x_wconf 87' lang='lat' dir='ltr'><strong>ea</strong></span> <span class='ocrx_word' id='word_1_151' title='bbox 1017 2631 1099 2696; x_wconf 86' lang='lat' dir='ltr'><strong>quae</strong></span> <span class='ocrx_word' id='word_1_152' title='bbox 1131 2607 1305 2698; x_wconf 79' lang='lat' dir='ltr'><strong>inspicite</strong></span> 
     </span>
     <span class='ocr_line' id='line_1_22' title="bbox 174 2718 1371 2808; baseline 0.004 -29"><span class='ocrx_word' id='word_1_153' title='bbox 174 2718 369 2806; x_wconf 80' lang='lat' dir='ltr'><strong>proferenda</strong></span> <span class='ocrx_word' id='word_1_154' title='bbox 403 2718 565 2801; x_wconf 89' lang='lat' dir='ltr'><strong>censeris,</strong></span> <span class='ocrx_word' id='word_1_155' title='bbox 614 2718 792 2807; x_wconf 83' lang='lat' dir='ltr'><strong>prudenter</strong></span> <span class='ocrx_word' id='word_1_156' title='bbox 823 2719 990 2807; x_wconf 76' lang='lat' dir='ltr'><strong>proferas,</strong></span> <span class='ocrx_word' id='word_1_157' title='bbox 1028 2729 1184 2808; x_wconf 85' lang='lat' dir='ltr'><strong>quatenns</strong></span> <span class='ocrx_word' id='word_1_158' title='bbox 1220 2719 1305 2785; x_wconf 90' lang='lat' dir='ltr'><strong>illud</strong></span> <span class='ocrx_word' id='word_1_159' title='bbox 1366 2755 1371 2770; x_wconf 78' lang='lat'>=</span> 
     </span>
     <span class='ocr_line' id='line_1_23' title="bbox 175 2828 1304 2920; baseline -0.001 -24"><span class='ocrx_word' id='word_1_160' title='bbox 175 2828 293 2896; x_wconf 82' lang='lat' dir='ltr'><strong>audias.</strong></span> <span class='ocrx_word' id='word_1_161' title='bbox 335 2829 442 2920; x_wconf 77' lang='lat' dir='ltr'><strong>Aperi</strong></span> <span class='ocrx_word' id='word_1_162' title='bbox 472 2855 508 2898; x_wconf 85' lang='lat' dir='ltr'><strong>os</strong></span> <span class='ocrx_word' id='word_1_163' title='bbox 541 2842 632 2897; x_wconf 91' lang='lat' dir='ltr'><strong>tuum</strong></span> <span class='ocrx_word' id='word_1_164' title='bbox 666 2843 698 2897; x_wconf 91' lang='lat' dir='ltr'><strong>et</strong></span> <span class='ocrx_word' id='word_1_165' title='bbox 730 2829 913 2920; x_wconf 83' lang='lat' dir='ltr'><strong>adimplebo</strong></span> <span class='ocrx_word' id='word_1_166' title='bbox 947 2830 1031 2898; x_wconf 90' lang='lat' dir='ltr'><strong>illud</strong></span> <span class='ocrx_word' id='word_1_167' title='bbox 1073 2831 1206 2916; x_wconf 85' lang='lat' dir='ltr'><strong>(Psalm.</strong></span> <span class='ocrx_word' id='word_1_168' title='bbox 1231 2834 1304 2909; x_wconf 75' lang='lat'><strong>70).</strong></span> 
     </span>
     <span class='ocr_line' id='line_1_24' title="bbox 174 2939 1305 3034; baseline 0.001 -27"><span class='ocrx_word' id='word_1_169' title='bbox 174 2939 274 3029; x_wconf 72' lang='lat' dir='ltr'><strong>Quod</strong></span> <span class='ocrx_word' id='word_1_170' title='bbox 297 2954 400 3008; x_wconf 84' lang='lat' dir='ltr'><strong>antem</strong></span> <span class='ocrx_word' id='word_1_171' title='bbox 424 2941 595 3008; x_wconf 81' lang='lat' dir='ltr'><strong>insinuasti</strong></span> <span class='ocrx_word' id='word_1_172' title='bbox 618 2941 713 3008; x_wconf 81' lang='lat' dir='ltr'><strong>nobis</strong></span> <span class='ocrx_word' id='word_1_173' title='bbox 736 2943 870 3008; x_wconf 88' lang='lat' dir='ltr'><strong>deloco</strong></span> <span class='ocrx_word' id='word_1_174' title='bbox 893 2942 972 3026; x_wconf 87' lang='lat' dir='ltr'><strong>illo,</strong></span> <span class='ocrx_word' id='word_1_175' title='bbox 1005 2967 1101 3032; x_wconf 86' lang='lat' dir='ltr'><strong>quem</strong></span> <span class='ocrx_word' id='word_1_176' title='bbox 1122 2943 1155 3008; x_wconf 91' lang='lat' dir='ltr'><strong>in</strong></span> <span class='ocrx_word' id='word_1_177' title='bbox 1185 2943 1305 3034; x_wconf 85' lang='lat' dir='ltr'><strong>spiritu</strong></span> 
     </span>
     <span class='ocr_line' id='line_1_25' title="bbox 172 3052 1304 3146; baseline 0.002 -28"><span class='ocrx_word' id='word_1_178' title='bbox 172 3052 237 3120; x_wconf 83' lang='lat' dir='ltr'><strong>tibi</strong></span> <span class='ocrx_word' id='word_1_179' title='bbox 270 3054 486 3145; x_wconf 79' lang='lat' dir='ltr'><strong>praevidisti,</strong></span> <span class='ocrx_word' id='word_1_180' title='bbox 526 3057 588 3121; x_wconf 81' lang='lat' dir='ltr'><strong>hoc</strong></span> <span class='ocrx_word' id='word_1_181' title='bbox 621 3053 835 3146; x_wconf 89' lang='lat' dir='ltr'><strong>permissione</strong></span> <span class='ocrx_word' id='word_1_182' title='bbox 868 3068 901 3122; x_wconf 90' lang='lat' dir='ltr'><strong>ct</strong></span> <span class='ocrx_word' id='word_1_183' title='bbox 939 3055 1165 3123; x_wconf 83' lang='lat' dir='ltr'><strong>benedictione</strong></span> <span class='ocrx_word' id='word_1_184' title='bbox 1194 3063 1304 3122; x_wconf 80' lang='lat' dir='ltr'><strong>nostra</strong></span> 
     </span>
    </p>
   </div>
   <div class='ocr_carea' id='block_1_10' title="bbox 173 3163 1448 3264">
    <p class='ocr_par' dir='ltr' id='par_1_10' title="bbox 173 3163 1448 3264">
     <span class='ocr_line' id='line_1_26' title="bbox 173 3163 1448 3264; baseline 0.003 -36"><span class='ocrx_word' id='word_1_185' title='bbox 173 3175 206 3229; x_wconf 92' lang='lat' dir='ltr'><strong>et</strong></span> <span class='ocrx_word' id='word_1_186' title='bbox 242 3165 389 3256; x_wconf 91' lang='lat' dir='ltr'><strong>episcopi</strong></span> <span class='ocrx_word' id='word_1_187' title='bbox 424 3165 473 3233; x_wconf 92' lang='lat' dir='ltr'><strong>tui</strong></span> <span class='ocrx_word' id='word_1_188' title='bbox 511 3165 599 3250; x_wconf 85' lang='lat' dir='ltr'><strong>liat,</strong></span> <span class='ocrx_word' id='word_1_189' title='bbox 650 3165 696 3232; x_wconf 86' lang='lat' dir='ltr'><strong>ita</strong></span> <span class='ocrx_word' id='word_1_190' title='bbox 722 3168 820 3264; x_wconf 79' lang='lat' dir='ltr'><strong>¹quod</strong></span> <span class='ocrx_word' id='word_1_191' title='bbox 850 3167 899 3234; x_wconf 80' lang='lat' dir='ltr'><strong>ibi</strong></span> <span class='ocrx_word' id='word_1_192' title='bbox 926 3166 1120 3256; x_wconf 75' lang='lat' dir='ltr'><strong>regulariter</strong></span> <span class='ocrx_word' id='word_1_193' title='bbox 1152 3190 1224 3233; x_wconf 89' lang='lat' dir='ltr'><strong>cum</strong></span> <span class='ocrx_word' id='word_1_194' title='bbox 1255 3189 1303 3232; x_wconf 91' lang='lat' dir='ltr'><strong>so·</strong></span> <span class='ocrx_word' id='word_1_195' title='bbox 1433 3163 1448 3192; x_wconf 67' lang='lat'>⁶</span> 
     </span>
    </p>
   </div>
   <div class='ocr_carea' id='block_1_11' title="bbox 136 3270 1304 3454">
    <p class='ocr_par' dir='ltr' id='par_1_11' title="bbox 136 3270 1304 3454">
     <span class='ocr_line' id='line_1_27' title="bbox 136 3270 1304 3367; baseline 0.003 -27"><span class='ocrx_word' id='word_1_196' title='bbox 136 3270 139 3274; x_wconf 70' lang='grc'><strong>’</strong></span> <span class='ocrx_word' id='word_1_197' title='bbox 173 3275 303 3342; x_wconf 85' lang='lat' dir='ltr'><strong>roribus</strong></span> <span class='ocrx_word' id='word_1_198' title='bbox 325 3279 390 3346; x_wconf 90' lang='lat' dir='ltr'><strong>tuis</strong></span> <span class='ocrx_word' id='word_1_199' title='bbox 412 3278 502 3346; x_wconf 84' lang='lat' dir='ltr'><strong>vivas</strong></span> <span class='ocrx_word' id='word_1_200' title='bbox 524 3279 701 3350; x_wconf 84' lang='lat' dir='ltr'><strong>secundem</strong></span> <span class='ocrx_word' id='word_1_201' title='bbox 724 3279 869 3367; x_wconf 75' lang='lat' dir='ltr'><strong>regulam</strong></span> <span class='ocrx_word' id='word_1_202' title='bbox 891 3277 928 3347; x_wconf 85' lang='lat' dir='ltr'><strong>S.</strong></span> <span class='ocrx_word' id='word_1_203' title='bbox 949 3278 1122 3347; x_wconf 88' lang='lat' dir='ltr'><strong>Benedicti</strong></span> <span class='ocrx_word' id='word_1_204' title='bbox 1136 3278 1198 3347; x_wconf 80' lang='lat' dir='ltr'><strong>enh</strong></span> <span class='ocrx_word' id='word_1_205' title='bbox 1220 3277 1304 3344; x_wconf 88' lang='lat' dir='ltr'><strong>clau·</strong></span> 
     </span>
     <span class='ocr_line' id='line_1_28' title="bbox 173 3386 512 3454; baseline 0 0"><span class='ocrx_word' id='word_1_206' title='bbox 173 3410 247 3454; x_wconf 81' lang='lat' dir='ltr'><strong>sura</strong></span> <span class='ocrx_word' id='word_1_207' title='bbox 271 3386 415 3454; x_wconf 91' lang='lat' dir='ltr'><strong>eiusdem</strong></span> <span class='ocrx_word' id='word_1_208' title='bbox 437 3387 512 3454; x_wconf 81' lang='lat' dir='ltr'><strong>loci.</strong></span> 
     </span>
    </p>
   </div>
   <div class='ocr_carea' id='block_1_12' title="bbox 164 3488 1301 4056">
    <p class='ocr_par' dir='ltr' id='par_1_12' title="bbox 164 3488 1301 4056">
     <span class='ocr_line' id='line_1_29' title="bbox 561 3488 824 3559; baseline 0 -29"><span class='ocrx_word' id='word_1_209' title='bbox 561 3519 567 3548; x_wconf 26' lang='grc' dir='ltr'>χ</span> <span class='ocrx_word' id='word_1_210' title='bbox 719 3491 763 3559; x_wconf 56' lang='grc' dir='ltr'><strong>Π.</strong></span> <span class='ocrx_word' id='word_1_211' title='bbox 821 3488 824 3496; x_wconf 87' lang='grc'><strong>’</strong></span> 
     </span>
     <span class='ocr_line' id='line_1_30' title="bbox 344 3567 1132 3700; baseline 0.003 -24"><span class='ocrx_word' id='word_1_212' title='bbox 344 3567 641 3678; x_wconf 77' lang='lat' dir='ltr'><strong>audss&#39;asms</strong></span> <span class='ocrx_word' id='word_1_213' title='bbox 669 3609 797 3700; x_wconf 75' lang='lat' dir='ltr'><strong>rara</strong></span> <span class='ocrx_word' id='word_1_214' title='bbox 826 3609 1132 3678; x_wconf 71' lang='lat' dir='ltr'><strong>munorum.</strong></span> 
     </span>
     <span class='ocr_line' id='line_1_31' title="bbox 624 3725 852 3795; baseline 0.026 -19"><span class='ocrx_word' id='word_1_215' title='bbox 624 3725 677 3780; x_wconf 81' lang='lat' dir='ltr'><strong>Ed.</strong></span> <span class='ocrx_word' id='word_1_216' title='bbox 695 3725 755 3781; x_wconf 81' lang='lat' dir='ltr'><strong>cot.</strong></span> <span class='ocrx_word' id='word_1_217' title='bbox 774 3741 803 3795; x_wconf 79' lang='lat' dir='ltr'><strong>p.</strong></span> <span class='ocrx_word' id='word_1_218' title='bbox 820 3725 852 3782; x_wconf 73' lang='grc'><strong>9.</strong></span> 
     </span>
     <span class='ocr_line' id='line_1_32' title="bbox 258 3839 1301 3948; baseline 0.001 -40"><span class='ocrx_word' id='word_1_219' title='bbox 258 3839 451 3908; x_wconf 76' lang='lat' dir='ltr'><strong>Anastasius</strong></span> <span class='ocrx_word' id='word_1_220' title='bbox 473 3841 779 3948; x_wconf 79' lang='lat' dir='ltr'><strong>episcopusservus</strong></span> <span class='ocrx_word' id='word_1_221' title='bbox 801 3869 968 3914; x_wconf 80' lang='lat' dir='ltr'><strong>servorum</strong></span> <span class='ocrx_word' id='word_1_222' title='bbox 990 3843 1073 3927; x_wconf 85' lang='lat' dir='ltr'><strong>Dei,</strong></span> <span class='ocrx_word' id='word_1_223' title='bbox 1105 3841 1301 3944; x_wconf 79' lang='lat' dir='ltr'><strong>Hildegardi</strong></span> 
     </span>
     <span class='ocr_line' id='line_1_33' title="bbox 164 3954 1300 4056; baseline -0.001 -34"><span class='ocrx_word' id='word_1_224' title='bbox 164 3954 307 4056; x_wconf 80' lang='lat' dir='ltr'><strong>dilectae</strong></span> <span class='ocrx_word' id='word_1_225' title='bbox 323 3955 407 4024; x_wconf 86' lang='lat' dir='ltr'><strong>filiae</strong></span> <span class='ocrx_word' id='word_1_226' title='bbox 420 3955 455 4026; x_wconf 93' lang='lat' dir='ltr'><strong>in</strong></span> <span class='ocrx_word' id='word_1_227' title='bbox 471 3955 602 4028; x_wconf 83' lang='lat' dir='ltr'><strong>Christo</strong></span> <span class='ocrx_word' id='word_1_228' title='bbox 621 3957 756 4028; x_wconf 82' lang='lat' dir='ltr'><strong>salutem</strong></span> <span class='ocrx_word' id='word_1_229' title='bbox 770 3969 802 4028; x_wconf 82' lang='lat' dir='ltr'><strong>et</strong></span> <span class='ocrx_word' id='word_1_230' title='bbox 817 3957 1026 4050; x_wconf 83' lang='lat' dir='ltr'><strong>apostolicam</strong></span> <span class='ocrx_word' id='word_1_231' title='bbox 1034 3956 1300 4043; x_wconf 77' lang='lat' dir='ltr'><strong>¹lmuedictioucur</strong></span> 
     </span>
    </p>
   </div>
   <div class='ocr_carea' id='block_1_13' title="bbox 0 0 1466 4542">
    <p class='ocr_par' dir='ltr' id='par_1_13' title="bbox 0 0 1466 4542">
     <span class='ocr_line' id='line_1_34' title="bbox 0 0 1466 4542; baseline 0 2"><span class='ocrx_word' id='word_1_232' title='bbox 0 0 1466 4542; x_wconf 95' lang='lat' dir='ltr'><strong> </strong></span> 
     </span>
    </p>
   </div>
  </div>
 </body>
</html>
