2924 4542
1243 287 1281 341 ιι

146 444 333 528 ostendent,
368 447 412 515 ita
445 458 481 514 ot
502 470 626 514 omnes,
644 447 852 540 pigmentarii
885 447 926 517 ad
959 450 1095 540 primam
1129 477 1280 520 auroram

146 559 291 627 institiae
311 583 385 626 eum
399 560 525 643 timore,
546 561 741 628 vererundia
763 573 795 628 st
816 563 973 655 sapientia
989 575 1119 630 currant
1141 576 1172 631 et
1193 567 1287 655 prin·⁴

146 672 235 762 cipes
257 671 461 738 eoncordiam
484 672 677 739 unanimiter
698 673 855 755 habeant,
888 697 958 741 eam
992 676 1085 765 quasi
1117 676 1168 743 vir
1188 700 1288 768 prae.

146 785 244 852 liator
265 784 351 850 sient
379 784 535 850 vexillum
570 795 682 851 eontra
703 784 853 853 'errantia
887 799 1035 877 tempora
1066 788 1285 856 maximorum

147 896 505 978 errornm'elovantes,
536 921 617 985 qnos
639 897 729 964 Deus
750 887 894 964 destruet
926 910 959 964 et
981 898 1209 966 exterminabit
1231 879 1285 967 'ae-¹

148 1007 289 1074 eundum
312 1007 399 1096 quod
420 1007 491 1098 ipso
513 1007 603 1074 novit
624 1017 656 1074 ot
678 1019 713 1074 ut
745 1006 812 1074 sibi
833 1009 948 1099 planet.
992 1009 1036 1077 Et
1067 1011 1186 1077 iterum
1218 1012 1287 1079 ille*

148 1121 203 1210 qni
227 1118 334 1186 omnia
356 1118 466 1202 novit,
498 1117 583 1199 tibi,
617 1118 732 1184 ollex
754 1116 856 1185 dieite
900 1119 993 1186 Haeo
1025 1131 1061 1186 tu
1094 1122 1192 1188 laomo
1226 1147 1278 1189 au.

149 1231 258 1315 cliens,
291 1243 324 1296 te
345 1232 450 1320 ipsum
471 1254 491 1295 a
522 1230 687 1320 voluptate
718 1240 773 1296 tua
802 1254 970 1321 compesce
1001 1243 1034 1298 et
1066 1243 1099 1298 te
1132 1234 1278 1321 corrige,

150 1352 305 1432 quatenns
326 1343 367 1408 at
394 1353 539 1431 tempora
570 1339 627 1408 illa
649 1339 839 1432 purificatus
872 1342 1005 1426 venias,
1039 1341 1074 1410 in
1097 1343 1280 1432 quibusda

149 1451 244 1520 laetis
265 1452 329 1520 tuis
351 1452 490 1544 anplius
512 1475 579 1522 oon
599 1451 779 1521 erubescas.

674 1682 756 1751 Vll.

404 1853 672 1924 ortamno.
690 1851 1023 1924 lllLllEGAlllllS.

575 2002 853 2080 mmmm
950 2047 953 2052 r

235 2195 275 2263 ln
297 2193 416 2288 spiritu
437 2196 666 2288 mysteriorum
687 2194 751 2262 tibi
772 2171 863 2262 dieo}
896 2219 917 2261 o
946 2193 1144 2262 venerabilis
1176 2207 1279 2286 pater,

151 2307 207 2398 qui
229 2307 424 2374 mirabiliter
445 2309 481 2374 in
503 2307 628 2400 magnis
650 2307 828 2375 lionorilrns
862 2307 992 2374 virtutis
1014 2308 1077 2374 Ilei
1101 2308 1196 2375 valde
1218 2332 1279 2374 me·

151 2418 289 2487 tuendos
313 2443 367 2503 ss,
398 2418 534 2486 illieitae
555 2419 712 2486 stultitiae
733 2418 830 2484 liuius
863 2418 976 2484 mnudi
998 2418 1120 2485 vexillo
1142 2418 1189 2508 8.Ι
1209 2442 1279 2484 eru-

152 2531 199 2598 eis
221 2556 293 2598 enm
317 2531 444 2598 exeelso
464 2529 574 2597 studio
594 2529 630 2596 in
652 2529 784 2596 ardente
804 2552 914 2595 amore
943 2528 1002 2594 lilii
1031 2529 1115 2610 Ilei,
1151 2530 1280 2618 capione

152 2643 320 2727 homiues,
356 2643 397 2708 aal
429 2642 516 2710 luella
536 2641 710 2734 pugnanda
730 2640 765 2706 in
789 2637 974 2708 Christiana
996 2639 1134 2720 militia,
1168 2652 1279 2705 eontra

152 2765 362 2844 tyrannorum
385 2753 569 2836 saevitiam,
592 2753 680 2846 quod
702 2778 771 2820 snm
793 2753 887 2820 valde
904 2751 1076 2819 eonstrieta
1096 2750 1131 2818 in
1144 2751 1281 2836 visione,

153 2891 235 2955 quae
267 2876 400 2957 apparot
430 2863 510 2931 milri
543 2865 580 2932 iu
612 2865 730 2954 spiritu
761 2864 926 2954 mysterii,
960 2888 1055 2954 quam
1088 2887 1152 2930 nou
1185 2863 1279 2933 video

154 2975 372 3043 exterioribus
394 2976 499 3042 oeulis
522 2976 636 3044 earnm·
677 2977 750 3066 Ego
772 2959 888 3043 misera
921 2987 952 3042 et
985 2976 1060 3066 plus
1095 2998 1189 3065 quam
1222 2975 1281 3039 mi·

153 3114 225 3158 sera
247 3088 437 3155 innomine
471 3088 633 3172 lemineo,
665 3087 706 3154 alr
740 3087 877 3154 infautia
911 3109 980 3152 mea
1013 3085 1082 3153 vidi
1116 3084 1281 3154 mirabilia

153 3223 287 3292 mapsa,
310 3226 391 3293 quae
412 3184 522 3290 lingua
544 3226 614 3268 mea
635 3225 701 3268 noo
722 3211 828 3293 potest
844 3201 995 3292 prolerre
1017 3197 1094 3282 nisi,
1116 3197 1204 3288 qnod
1227 3191 1291 3264 me¹

153 3319 247 3388 doeet
283 3315 518 3408 spiritualim,
546 3316 685 3406 qualiter
707 3336 742 3380 er
766 3311 878 3378 diram.
921 3309 1109 3378 Certissima
1130 3323 1162 3377 et
1184 3308 1282 3377 mitis-

153 3431 234 3498 sime
255 3443 358 3523 pater,
379 3430 455 3495 audi
478 3451 530 3494 me
550 3427 583 3494 in
605 3438 660 3493 tua
674 3425 818 3493 bonitate
834 3419 1000 3514 indignam
1016 3426 1167 3490 lamulam
1182 3411 1298 3505 tuam,¹

154 3568 235 3632 quae
257 3564 418 3632 nonquam
441 3539 482 3605 ab
504 3537 640 3605 infautia
662 3560 732 3605 mea
754 3561 865 3604 seems
888 3537 979 3620 rixi,
1012 3550 1044 3602 et
1077 3536 1118 3600 de
1140 3547 1193 3599 tna
1215 3533 1281 3624 pie-
1360 3535 1365 3546 '

153 3668 218 3724 tate
248 3669 280 3722 et
302 3651 458 3746 sapientia
489 3650 637 3739 intellige
666 3651 699 3716 in
736 3649 842 3716 anima
873 3661 946 3733 tua,
982 3647 1157 3714 seeundum
1194 3645 1281 3738 quoal

156 3765 267 3830 doetus
280 3765 381 3832 fueris
392 3763 554 3854 inSpiritn
564 3762 696 3846 Sancto,
706 3763 855 3854 quoniam
867 3784 903 3827 ea
916 3758 1121 3851 quaetilriale
1133 3757 1282 3824 mediata

154 3888 248 3959 snut,
267 3877 441 3944 meandum
455 3879 537 3943 hune
547 3873 677 3944 modum
689 3887 773 3942 aaut.
803 3872 883 3942 Seio
896 3871 983 3939 enim
997 3872 1031 3939 in
1047 3882 1136 3936 textu
1153 3868 1282 3934 interio-

156 3988 481 4088 remqintelliflentirnr
493 3985 708 4080 expositionis
717 3971 863 4078 psalterii
873 4029 885 4066 ‚
907 3980 1078 4074 Evangelii
1091 3991 1124 4047 at
1143 3979 1285 4078 aliorum¹
