2924 4542
1232 284 1287 373 25

236 485 303 566 ill.
329 488 373 565 de
400 481 826 591 illice-Aspidium
852 490 964 564 filix
988 516 1077 564 mas
1107 497 1148 576 ¹).
1218 503 1225 512 ’
1287 501 1293 514 ’

158 683 249 752 Filia
268 684 363 753 ralda
391 683 507 752 calida·
522 696 571 753 ast
600 684 764 770 masida,
795 698 829 753 st
850 685 1010 754 modicum
1032 709 1164 752 succum
1196 685 1231 750 iu
1255 707 1291 751 so
1329 675 1334 681 ’

158 796 274 880 habet,
295 796 353 863 sad
374 797 507 863 multans
529 797 683 866 virtutem
703 799 737 864 iu
758 821 795 866 sc
816 807 904 864 tenet
933 808 968 863 ct
1000 798 1098 863 talum
1121 798 1288 879 virtutem,

160 908 247 1002 qnod
269 908 418 975 diabolus
439 909 543 1000 ipsam
565 911 670 1000 fugit,
692 923 724 978 ct
746 911 843 980 ctiam
866 911 1019 1000 quasdam
1034 910 1170 977 virtutes
1192 920 1291 990 tanet,

161 1039 243 1110 quac
262 1019 374 1088 uirtuti
397 1021 478 1088 solis
498 1021 737 1109 assimilantur3
770 1022 864 1112 quia,
886 1032 922 1087 ut
944 1021 994 1087 sol
1016 1019 1153 1087 obscura
1174 1021 1292 1086 illumi·
1318 1043 1321 1050 ’

159 1145 233 1214 nat,
265 1133 313 1201 sic
334 1131 403 1228 ipsa
425 1134 577 1202 fantasias
599 1136 712 1224 lugat,
744 1147 776 1202 ot
798 1135 872 1202 idco
894 1132 1032 1221 maligni
1054 1133 1189 1221 spiritua
1220 1143 1292 1205 cant

161 1246 366 1336 dedignatur.
409 1246 493 1314 Nam
514 1246 549 1313 iu
571 1246 644 1314 loco
666 1247 725 1314 illo
750 1246 806 1313 ubi
830 1245 967 1328 crescit,
996 1243 1146 1311 diabolus
1169 1244 1294 1312 illusio*

160 1385 219 1428 uas
250 1384 324 1428 suas
346 1381 421 1426 raro
443 1370 589 1442 exercet,
612 1371 645 1426 at
666 1361 796 1426 domum
819 1358 975 1426 stlocum
997 1357 1032 1424 iu
1049 1381 1115 1447 quo
1137 1368 1205 1440 cst,
1227 1355 1294 1422 dia·

161 1471 258 1540 tolus
279 1471 399 1540 davitat
420 1483 453 1538 st
473 1471 644 1555 abhorret,
672 1485 706 1540 at
727 1474 859 1561 fulgura
881 1485 913 1540 ot
942 1469 1085 1540 tonitrua
1107 1483 1139 1540 at
1166 1469 1292 1560 grando

162 1584 211 1652 ibi
243 1607 317 1650 raro
352 1583 480 1654 cadunt.
551 1583 620 1654 Sod
656 1598 689 1654 ut
720 1587 903 1671 luminans,
944 1587 1000 1678 qui
1032 1611 1101 1654 cam
1132 1585 1217 1678 apud
1258 1607 1294 1652 aa

162 1709 289 1789 portat,
311 1698 433 1786 magica
453 1709 486 1766 ct
507 1696 726 1768 invocationes
749 1700 939 1767 dromonum
962 1711 994 1766 ot
1011 1699 1172 1766 diabolica
1194 1697 1295 1767 verba

164 1821 197 1877 at
217 1809 280 1876 alia
303 1793 492 1877 fantasmata
515 1809 666 1877 devitant.
707 1810 800 1878 Etsi
834 1811 930 1877 ctiam
964 1811 1073 1900 aliqua
1108 1810 1215 1899 imago
1250 1834 1300 1877 sc·

163 1924 304 1992 cundum
327 1922 468 2012 aliquam
489 1921 654 1990 lrornincm
684 1934 817 2014 paratur
839 1922 879 1990 ad
902 1922 1079 1989 laesionem
1100 1933 1132 1990 at
1152 1945 1296 1988 amorcsa

165 2035 276 2113 illius,
297 2045 330 2099 at
350 2033 379 2100 si
400 2045 479 2104 tnnc
499 2033 556 2102 illa
578 2034 698 2102 filicem
719 2035 803 2126 apud
825 2059 860 2102 sa
876 2035 991 2118 halat,
1013 2058 1086 2102 cum
1102 2057 1219 2102 uocare
1232 2057 1297 2100 nou

165 2148 263 2218 valst.
305 2145 390 2214 Nam
411 2147 508 2214 laumu
530 2145 692 2214 interdum
716 2171 775 2237 por
795 2147 968 2236 imaginum
998 2147 1220 2231 maledicitur,
1251 2145 1297 2214 ita

168 2261 255 2352 quod
279 2259 354 2326 iuda
373 2258 514 2327 laeditur
534 2271 567 2326 ct
587 2282 696 2326 amens
718 2259 754 2326 fir
778 2267 817 2338 ²).
860 2258 944 2327 Cuur
967 2259 1053 2325 cuim
1075 2257 1223 2326 diabolus
1244 2258 1300 2323 hu·

167 2371 288 2438 urinam
309 2371 345 2437 iu
366 2371 518 2463 paradiso
539 2369 605 2437 silai
637 2370 790 2451 attraxit,
823 2373 983 2461 quoddam
1017 2371 1147 2461 siguum
1180 2395 1298 2438 memo·

167 2483 250 2554 aiala
272 2483 306 2550 in
328 2481 460 2550 diabolo
484 2482 604 2550 iactum
627 2489 699 2564 ast,
731 2481 817 2571 qnod
849 2481 885 2550 iu
909 2505 947 2549 ao
970 2485 1135 2574 usquead
1163 2484 1300 2554 novissi·

168 2623 255 2666 mum
289 2597 375 2666 diam
408 2594 629 2688 permanebit..
681 2593 724 2659 Et
756 2617 829 2692 uum
863 2592 934 2688 ipsc
966 2619 1026 2690 per
1058 2597 1166 2686 aliqua
1198 2598 1299 2666 verlra

169 2735 251 2801 quac
274 2733 351 2802 pras
373 2708 579 2800 doosptiuuas
600 2706 672 2776 cius
694 2705 869 2797 aliquando
904 2709 985 2776 lacta
1008 2720 1101 2792 arsut,
1134 2710 1299 2782 interdum

168 2822 210 2888 alr
254 2821 385 2889 lromiuc
424 2821 627 2889 advocatur:
676 2817 806 2906 siguum
847 2821 910 2888 lroc
952 2821 1039 2910 quod
1085 2822 1121 2888 iu
1167 2847 1206 2892 co
1250 2847 1300 2896 ra·

170 2934 306 3017 mansit,
334 2932 480 3022 tangitur
501 2943 534 3001 at
553 2931 600 2998 ita
621 2930 680 2998 illa
713 2940 906 3020 provocatus
938 2944 970 2998 ct
1003 2931 1152 3011 illectus,
1185 2935 1300 3000 multo·

170 3045 256 3113 tiens
278 3069 337 3137 per
358 3043 457 3113 verba
477 3043 535 3112 illa
556 3054 611 3109 ant
632 3041 796 3109 lrornincm
818 3040 919 3109 laedit
941 3055 995 3110 aut
1009 3043 1207 3112 voluntatum
1229 3043 1300 3110 cius

170 3156 284 3248 implut
305 3178 404 3248 super
420 3179 516 3245 quem
538 3153 737 3227 dicuutnr³l
779 3155 823 3222 Et
838 3154 922 3222 sicut
937 3155 1034 3221 lonso
1049 3153 1167 3222 bonaur
1189 3167 1221 3222 at
1239 3179 1302 3222 ma.

170 3269 234 3334 lana
257 3269 423 3336 scientiam
446 3266 562 3352 habat,
594 3265 639 3332 ita
672 3265 768 3332 ctiam
791 3266 895 3335 honac
917 3279 950 3333 et
972 3267 1074 3334 malac
1106 3267 1226 3335 herbas
1259 3271 1301 3337 ad

117 3419 138 3432 ··
161 3379 336 3448 dromincm
358 3390 483 3447 crustas
505 3389 589 3446 suut.
631 3375 756 3445 Succos
777 3378 864 3444 euim
894 3377 992 3446 filicis
1024 3379 1149 3471 positus
1181 3393 1230 3447 cst
1260 3381 1301 3446 ad

117 3509 123 3522 “
172 3491 380 3587 sapioutlarn,
403 3503 434 3561 ot
456 3491 491 3559 in
514 3492 678 3559 honestata
700 3499 833 3557 natorac
855 3503 922 3577 cst,
955 3492 1043 3562 etin
1066 3491 1303 3585 significatione

174 3873 192 3932 Ι
217 3791 281 3930 ⁴³3)
291 3761 411 3848 Ealslart
427 3807 480 3845 rar.
496 3791 592 3848 rsus
611 3789 704 3848 nrlcst.
724 3800 863 3849 armarant.
882 3795 908 3850 1.
925 3790 996 3848 tot.
1015 3795 1050 3846 du
1076 3793 1166 3864 &aga
1190 3793 1304 3866 glossar,

244 3975 278 4039 ss)
296 3975 337 4028 Cf.
355 3975 490 4047 Tlsaplrr.
507 3975 663 4034 Paracalans
681 3981 714 4032 dc
731 3979 885 4034 Pastilltatc
902 3974 1050 4040 tractllv.
1067 3993 1126 4046 cap.
1145 3975 1175 4034 fl.

244 4063 278 4132 ὅ)
295 4063 338 4122 Gt.
356 4065 444 4138 Epist.
462 4066 496 4120 ad
513 4067 601 4123 albat.
619 4069 649 4122 S.
667 4067 778 4122 llarttul
797 4065 891 4120 Cotus.
909 4079 969 4136 cap.
989 4059 1060 4118 103.
1077 4087 1111 4104 ·-
