2924 4542
170 201 199 274 4

172 386 248 454 fient
270 397 302 452 et
323 398 431 454 movet
455 395 504 468 ¹),
526 409 586 454 nec
608 385 686 454 i'deo
707 386 742 452 in
764 409 798 453 sc
816 382 1009 468 minoretur,
1031 385 1088 452 sed
1111 409 1185 453 cnm
1199 387 1315 456 eedem

172 496 323 566 enimelin
346 497 549 580 moriuntur,
582 497 669 564 idem
707 505 764 566 adr
785 499 825 566 nd
861 493 1036 590 pristinum
1068 495 1185 566 statum
1220 526 1318 568 suum

172 608 368 688 revertitur,
391 631 452 672 nec
474 607 551 672 inde
573 608 609 672 in
632 631 667 674 sc
689 625 932 698 augmentetur,
954 614 1011 679 sed
1034 625 1141 680 nmnot
1163 625 1199 678 ut
1221 615 1316 702 prins

114 761 117 768 ι
174 721 247 787 luit.
290 721 362 784 Ast
385 727 490 785 nutem
513 730 662 784 terrenus
685 721 742 809 qui
765 737 885 790 terrem
907 727 1088 808 humectat,
1117 725 1252 790 arbores
1276 749 1316 792 uc

173 832 289 898 herlus
312 831 495 913 virescere,
531 855 676 899 erescere
698 856 735 900 ec
757 836 882 904 moveri
905 837 985 903 fucit
1009 837 1063 921 ²),
1091 859 1150 900 ncc
1183 859 1254 902 cum
1277 837 1315 903 in

173 941 286 1008 multis
310 955 377 1024 cst,
411 942 503 1009 inse
526 943 697 1076 deficit,
691 967 751 1012 uec
773 947 854 1038 ipsis
887 945 1058 1028 abscissis,
1092 957 1147 1012 eut
1181 947 1316 1036 evulsis,

173 1079 249 1122 eum
269 1053 318 1122 cis
340 1053 514 1137 inciditur,
551 1067 608 1121 cut
628 1055 664 1122 iu
652 1025 813 1140 ⁸5delicit,
846 1058 958 1124 sedin
982 1067 1067 1122 stetu
1098 1079 1158 1121 suo
1182 1069 1317 1124 utente

173 1177 348 1254 permonet
394 1165 512 1234 Cum
502 1191 537 1231 m
561 1191 637 1234 vere
659 1169 699 1234 ud
722 1177 875 1236 nectutem
898 1168 1027 1256 surgit,
1064 1179 1096 1233 ct
1119 1191 1193 1234 eum
1216 1169 1314 1236 etiem

174 1277 214 1343 ed
236 1279 385 1365 hyemem
406 1277 602 1358 inclinetur,
632 1287 689 1344 ιὸι·
720 1294 799 1349 tnnc
821 1283 984 1372 cstqnesi
1007 1292 1193 1369 torpescet,'
1224 1280 1325 1348 vetur

175 1389 285 1460 ninum
307 1391 481 1478 quodiam
502 1390 536 1456 in
559 1391 685 1458 virilem
713 1394 781 1460 suis
804 1394 930 1476 delicit,
965 1405 998 1458 et
1036 1403 1114 1458 tune
1147 1392 1234 1456 idem
1256 1398 1316 1458 niis·

174 1503 333 1589 quendem
357 1502 544 1587 sllrupiuem
567 1501 697 1584 emittit,
721 1527 803 1591 quoe
825 1503 916 1592 quusi
933 1503 1109 1570 volutando
1133 1527 1231 1590 super
1253 1514 1318 1570 ter-

173 1635 243 1676 rem
273 1613 366 1678 cudit.
414 1614 526 1678 Homo
550 1623 657 1678 eutem
680 1612 722 1678 de
755 1638 795 1678 eu
819 1597 973 1702 albupiu'c
997 1615 1135 1703 occipiat
1158 1623 1316 1702 qnantum

173 1724 338 1811 potuerit,
369 1733 402 1797 ct
434 1723 461 1789 si
496 1723 598 1790 elicui
632 1725 757 1792 homiui
782 1739 837 1792 eut
860 1728 980 1814 albugo
1002 1751 1059 1792 scu
1094 1725 1256 1792 hebetudo
1277 1725 1317 1792 iu

175 1810 270 1902 oculo
293 1837 355 1902 ium
378 1837 514 1918 crescit,
549 1834 748 1926 praedictam
782 1834 971 1926 albuginem
1002 1838 1086 1902 eicis
1108 1861 1206 1926 super
1240 1859 1323 1900 euu-

175 1946 248 2012 dem
271 1926 401 2014 oculum
424 1973 520 2037 saepe
542 1949 625 2036 liget
655 1962 689 2014 et
718 1949 894 2014 curubitum
936 1947 1086 2036 Quodsi
1109 1948 1227 2014 vermis
1249 1971 1321 2012 cnr-

173 2083 247 2122 uem
269 2060 409 2124 hominis
432 2059 648 2126 comeditvel
671 2058 736 2126 inm
758 2061 928 2124 comodere
950 2058 1085 2146 incipite
1121 2058 1168 2122 ibi
1202 2060 1242 2123 de
1263 2081 1316 2122 ce-

174 2166 250 2239 dem
271 2168 426 2254 albugine
448 2169 532 2234 sirie
555 2169 694 2257 desuper
716 2155 854 2258 ponetur
877 2181 909 2234 et
940 2169 1061 2235 vermis
1088 2169 1226 2234 ulterius
1248 2191 1317 2232 uon

88 2261 91 2265 .
172 2279 338 2364 procedet,
361 2279 418 2344 sed
441 2280 610 2362 morietur,
633 2279 895 2368 quinprucdictu
920 2281 1120 2369 despumatio
1137 2279 1222 2344 uiris
1245 2302 1318 2348 ver·

173 2411 258 2456 mem
281 2413 321 2454 ex
343 2389 587 2481 despumatione
609 2393 780 2457 humorum
804 2390 946 2457 leminis
968 2389 1196 2481 procedentem
1220 2401 1252 2455 et
1273 2389 1316 2454 dc

173 2501 271 2568 melis
292 2503 485 2568 humoribus
509 2516 618 2570 nutum
641 2486 824 2571 mortificet.

491 2817 493 2821 ι
519 2708 630 2784 Gru.
661 2695 714 2787 ll.
774 2665 833 2782 lie
868 2700 970 2810 equo.

260 2889 359 2980 Aqua
381 2888 422 2982 de
445 2887 574 2958 vivente
597 2888 687 2956 l'oute
709 2900 779 2975 est,
812 2900 844 2956 et
877 2888 918 2954 dc
940 2887 1011 2977 ipso
1036 2885 1133 2953 etium
1156 2887 1311 2956 salientes

174 3025 276 3092 equae
300 3013 383 3070 sunt.
407 3033 448 3048 -·
662 3015 664 3020 '
999 2999 1000 3002 '
1196 3003 1199 3005 ’

262 3315 293 3377 Ι)
313 3315 356 3371 cf.
375 3317 491 3385 Epistol.
528 3317 562 3367 cd
580 3315 693 3388 praelat.
712 3315 862 3384 Mognntin.
882 3335 944 3386 pop.
977 3317 1047 3371 tut.
1103 3318 1219 3388 „Aquae
1248 3337 1311 3374 vero

174 3416 233 3451 cum
262 3399 349 3474 calore
376 3401 440 3452 solis
470 3401 517 3468 qui
546 3403 616 3453 inire
645 3402 773 3454 circulum
804 3409 879 3454 rotnc
918 3421 979 3456 eune
1008 3405 1137 3470 quendam
1168 3407 1310 3474 imaginem

172 3484 270 3548 hebet,
298 3490 348 3538 .et
384 3485 431 3553 qni
460 3499 510 3550 per
551 3501 678 3554 aquosum
715 3492 800 3540 aerem
832 3489 956 3538 immitius
983 3495 1047 3548 ert,
1094 3497 1177 3540 totum
1213 3494 1321 3540 terrem*

173 3573 355 3639 pertundunt,
387 3576 413 3622 et
452 3570 491 3623 ita
507 3588 534 3622 se
556 3573 671 3638 invicem
701 3573 868 3624 admiscendo
895 3574 983 3624 omniu
1012 3577 1130 3642 germino
1156 3573 1306 3642 proferunt,

175 3661 202 3706 et
244 3673 326 3722 eqnne
362 3673 431 3724 qnae
463 3647 599 3722 speculum
639 3656 756 3706 eiusdem
795 3657 860 3706 solis
889 3663 976 3718 sunt,
1033 3660 1137 3726 ipsum¹
1169 3661 1307 3720 coement,

64 3796 65 3799 Ἴ
173 3757 207 3790 uc
224 3743 295 3788 terre
314 3737 394 3789 nimio
414 3737 507 3789 urdorc
527 3755 574 3789 suo
592 3737 743 3802 comburet,
766 3739 876 3808 ipseque
893 3757 973 3808 equus
992 3735 1166 3806 constringit,
1196 3757 1229 3792 ue
1245 3739 1309 3794 illue

173 3841 223 3894 per
239 3822 482 3874 immoderationem
499 3822 650 3892 pluviarum
666 3830 766 3878 terrem
784 3825 982 3894 submergunt.“
999 3851 1034 3864 -
1119 3862 1124 3868 .

244 3939 277 4002 2)
296 3939 340 3996 (ll.
358 3939 463 3995 Scirim
481 3937 506 3995 1.
525 3939 571 3992 ris.
590 3939 618 3992 2.
638 3968 670 3979 -
