2924 4542
166 237 227 315 58

243 429 341 505 179.
375 431 423 505 de
446 429 555 504 berba
580 434 617 502 in
644 429 904 530 quaWnlbero
931 445 1095 506 creseunt
1119 439 1161 478 “³
1189 435 1295 510 Vae-

360 555 543 628 einium
567 549 826 652 Myrtillus,
855 547 884 648 ²)

167 709 280 777 Herba
307 709 342 774 in
370 732 433 798 qna
455 708 620 776 Walbere
643 718 838 790 naseuntur,
871 710 1043 777 maximum
1065 710 1171 800 frigus
1188 712 1230 777 in
1258 738 1294 780 se

60 893 62 900 ¹
168 822 274 888 babet.

248 979 340 1054 180.
368 981 411 1053 de
435 981 551 1054 Simez
571 1016 612 1029 -·
636 979 858 1052 Stellaria
884 980 1029 1054 media
1048 983 1244 1083 Spreug.

176 1236 179 1246 .
248 1151 339 1272 181.
366 1155 410 1230 de
437 1154 567 1230 Thimo
595 1180 635 1190 -
664 1152 866 1252 Thymus
899 1152 1119 1254 vulgaris.
1148 1151 1176 1252 ²)

536 1355 796 1466 nrnnu
860 1393 929 1468 111.

123 1655 124 1658 ,
707 1610 756 1654 nn

165 1713 371 1781 NATURIS
396 1715 454 1780 ΕΤ
477 1712 764 1780 EFFECTIBUS
786 1714 1038 1796 ARBORUM,
1060 1717 1296 1786 ARBUS'l‘O·

69 1882 74 1890 ,
187 1825 287 1894 RUlll
310 1828 368 1893 ET
392 1827 641 1908 bubulcum,
664 1823 1011 1916 FIlUCTUUlllQUE
1028 1827 1296 1898 EORUNDEM.
1434 1864 1437 1913 i

252 2001 400 2066 Arbores
435 2025 545 2066 omues
576 1975 631 2066 aul
661 2000 800 2066 calorem
834 2012 887 2066 aut
911 2000 1017 2087 frigus
1041 2000 1075 2066 in
1098 2025 1132 2066 se
1154 1999 1295 2084 babent,

167 2113 435 2201 quemadmodum
458 2124 490 2178 et
520 2113 658 2194 berbaea
690 2111 747 2176 sed
769 2122 874 2174 tamen
898 2113 1054 2197 quaedam
1074 2111 1205 2178 arbores
1222 2111 1295 2178 eali.

166 2224 274 2290 diores
298 2234 372 2290 sunt
394 2223 486 2305 aliis,
509 2223 663 2311 quaedam
685 2232 789 2286 autem
813 2220 1015 2306 frigidiores.
1058 2223 1143 2288 Nam
1174 2225 1294 2289 domes-
1433 2198 1437 2271 i

110 2325 113 2330 ¹
165 2335 248 2400 tieae
270 2335 403 2401 arbores
427 2360 507 2425 quae
531 2335 656 2400 fertiles
679 2345 753 2400 siant
775 2344 806 2398 et
836 2355 917 2422 guae
937 2345 1050 2400 reatos
1075 2337 1199 2400 fruetus
1221 2359 1295 2425 pro-

166 2449 298 2533 ferunt,
328 2450 501 2528 calidiores
532 2449 737 2516 silvestribus
767 2457 799 2512 et
828 2445 1044 2512 infructiferis
1066 2448 1237 2512 arboribus
1258 2458 1294 2513 et

166 2560 267 2648 lignis
290 2563 440 2628 existunt.
495 2561 562 2628 Sed
593 2561 758 2626 silvestres
790 2561 921 2625 arbores
945 2585 1026 2647 quae
1048 2563 1239 2646 grandiores
1262 2572 1294 2627 et

158 2671 276 2761 'plures
299 2673 423 2736 fruetus
445 2672 639 2761 proferunt,
672 2669 843 2736 calidiores
877 2670 950 2737 aliis
973 2670 1180 2758 silvestribus
1203 2673 1294 2740 arbo·
1433 2640 1436 2753 Ξ

165 2782 257 2847 ribus
280 2796 370 2848 aunt:
394 2807 476 2873 quae
496 2794 601 2847 aulem
621 2783 761 2847 minutos
781 2797 812 2848 et
831 2807 949 2875 paueoa
964 2785 1094 2851 fruetus
1110 2789 1294 2878 proferunt,

167 2894 359 2982 frigidiores
380 2896 456 2962 aliis
478 2896 682 2962 silvestribus
704 2895 876 2962 arboribus
899 2909 982 2962 snut.
1015 2897 1163 2964 Arbores
1186 2903 1304 2964 autem¹

167 3019 199 3074 et
220 3009 310 3097 ligna
345 3010 385 3076 de
422 3011 563 3076 medulla
596 3034 652 3074 sua
683 3009 846 3074 virescunt
876 3021 907 3074 et
937 3020 1106 3092 creseunt,
1150 3011 1233 3077 sient
1261 3023 1294 3076 et
1434 3072 1437 3083 ‚

122 3190 124 3194 ,
166 3121 263 3185 homo
294 3123 335 3186 de
364 3124 504 3188 medulla
533 3146 589 3188 sua
619 3122 729 3216 viget,
767 3132 799 3186 et
827 3121 855 3186 si
887 3122 1029 3190 medulla
1057 3122 1185 3188 arboris
1206 3123 1293 3188 laesa

167 3230 286 3313 fuerit,
308 3233 416 3310 arbor,
429 3233 656 3299 detrimentum
678 3233 729 3298 sui
752 3233 878 3299 sentiet.

245 3404 281 3484 1.
308 3506 312 3520 ⁵
336 3406 379 3480 de
420 3409 547 3484 arbore
595 3413 694 3484 nucis
741 3424 919 3485 muscatae
958 3445 1000 3460 ·-
1046 3412 1294 3514 Myristiea

371 3539 610 3616 mosebata.
1161 3577 1164 3583 ·

166 3683 280 3749 Arbor
302 3685 334 3750 in
358 3709 420 3774 qua
442 3712 508 3751 nux
531 3687 667 3756 muscata
691 3687 818 3770 creauit,
840 3686 943 3754 calida
966 3699 1025 3772 est,
1047 3688 1293 3777 lignumautem

168 3808 200 3863 et
222 3796 303 3862 folia
326 3797 395 3863 eins
418 3800 596 3866 medicinae
619 3827 683 3868 non
706 3803 843 3870 multum
867 3805 1073 3872 conveniunt.

172 3941 375 3952 ..n———a-

237 4013 270 4079 a)
286 4001 357 4072 erin.
375 4015 412 4070 u
431 4016 465 4070 u.
486 4013 564 4071 xm.
583 4017 633 4071 ar.
