2924 4542
168 219 244 297 *18

272 408 339 484 50.
367 409 411 483 de
436 437 547 508 purru
574 437 729 484 concavo
750 447 801 464 --
820 410 995 484 Allium
1037 412 1320 492 fistulosum.

191 565 431 650 Dumeporrum
462 563 550 651 quod
586 585 708 630 savum
737 574 784 630 est
805 608 816 646 ,
852 574 899 630 vut
927 563 1144 654 Su'rrigo,
1189 567 1323 656 prise-

191 676 311 757 loeh,
342 675 499 764 pianza
534 685 566 740 et
601 673 736 758 similia,
769 675 868 740 nimis
901 676 1042 742 calidum
1075 691 1229 758 nonest,
1262 678 1323 744 sed

191 796 402 875 temperatum
436 796 468 851 et
502 775 703 874 aliquantum
736 786 885 854 vinosum
919 812 1052 853 sueeum
1086 789 1182 853 hahet
1217 802 1248 854 et
1280 790 1322 853 de

192 909 288 965 vento
311 908 343 962 et
364 897 406 962 de
428 897 617 962 humiditate
637 909 743 964 terrae
765 897 881 964 crescit
904 909 936 964 et
957 900 1128 989 praecipue
1152 901 1235 964 inter
1258 898 1322 964 aliu

192 1033 289 1099 porra
312 1007 418 1076 minue
439 1009 589 1077 nocivum
612 1020 669 1076 est
845 1013 847 1019 '

284 1167 351 1246 51.
384 1167 554 1264 deueaule
580 1211 631 1224 —-
657 1172 878 1244 Brassica
904 1168 1125 1246 eleraeea.

194 1300 307 1368 Cauiis
333 1313 365 1368 et
393 1302 692 1386 wendeihoei,
728 1315 760 1368 et
796 1301 952 1370 rubeae
989 1305 1132 1370 euules
1170 1301 1321 1370 humidae

194 1427 326 1504 naturae
349 1423 423 1478 sunt
446 1413 534 1477 etin
558 1411 739 1499 frigiditate
761 1412 998 1478 debiles-vires
1031 1413 1150 1479 hahent
1182 1426 1214 1478 et
1246 1416 1322 1482 ideo

193 1525 441 1600 medicamentis
458 1548 523 1590 nou
547 1518 686 1594 multum
719 1523 938 1608 conveniunt,
975 1526 1037 1592 sed·
1063 1551 1177 1592 succus
1210 1549 1323 1596 eorum

181 1621 388 1726 'quibusdam
410 1637 485 1702 aliis
507 1637 613 1702 suecis
635 1636 764 1704 additus
781 1637 932 1705 humores
947 1638 1053 1704 solvit.
1098 1639 1323 1728 Compositum

195 1762 318 1831 autem,
353 1747 387 1813 id
410 1762 458 1814 est
480 1750 684 1838 humpest,
718 1749 791 1838 pius
814 1749 969 1835 frigidum
993 1773 1085 1836 quam
1120 1751 1258 1814 calidum
1292 1753 1324 1815 ei

195 1863 395 1951 aliquantum
424 1863 530 1928 siccae
564 1873 697 1926 naturae
731 1873 789 1926 est.
831 1863 876 1926 Et
907 1859 1014 1925 emnia
1048 1861 1125 1924 haee
1156 1861 1324 1949 praedicta

195 1975 284 2040 oiera
307 1974 347 2040 de
377 1974 481 2042 livore
504 1975 587 2040 ruris
609 1985 641 2040 et
663 1973 748 2042 aiiris
770 1967 919 2042 creseunt
941 1984 972 2039 et
995 1971 1114 2038 exinde
1137 1973 1227 2062 quusi
1259 1973 1325 2041 via-

195 2107 268 2150 cera
290 2097 322 2150 et
344 2084 431 2152 vires
454 2085 582 2149 hahent.

274 2241 342 2320 52,
377 2242 420 2315 de
460 2269 618 2354 weggras
650 2234 1042 2343 ¹)-Pelygouum
1082 2243 1325 2320 aviculare.

195 2379 366 2465 Weggrus
404 2387 436 2442 et
481 2398 710 2462 suregrass
752 2388 784 2441 et
832 2376 1139 2466 iiaemesgrass
1171 2384 1199 2451 2)
1247 2387 1326 2440 tem·

158 2543 161 2550 .
194 2500 323 2584 peratue
345 2497 478 2551 naturae
501 2498 532 2550 et
554 2485 723 2576 temperati
747 2486 836 2552 sueei
860 2499 954 2570 suut,
978 2500 1009 2551 et
1030 2486 1115 2576 sanis
1138 2497 1170 2550 et
1189 2486 1324 2552 infirmis

196 2611 270 2666 sunt
293 2599 384 2690 quusi
407 2599 448 2664 ad
470 2600 626 2664 medelam
649 2598 689 2662 ad
711 2597 942 2662 comedendum
965 2609 997 2660 et
1018 2596 1152 2662 nocivus
1173 2599 1324 2670 humorea

195 2737 260 2778 nou
283 2722 438 2800 generant
460 2722 492 2775 et
514 2710 611 2778 facile
634 2699 827 2798 digeruntur
848 2732 923 2776 eum
945 2707 1087 2774 sanitate.

274 2869 341 2947 55.
367 2871 411 2944 de
440 2871 606 2971 stutgras
639 2913 677 2924 -
713 2869 892 2944 Carieis
918 2869 1126 2968 speeies?

184 3005 366 3093 stutgras,
390 3029 471 3096 quae
492 3003 619 3072 minora
641 3015 736 3091 suut,
771 3002 894 3093 frigida
915 3001 951 3069 iu
970 3015 1082 3068 nutura
1104 3026 1162 3068 sua
1184 3015 1216 3070 et
1238 3002 1326 3070 dehi-

193 3119 237 3184 lia
259 3129 343 3185 suut.

180 3353 182 3356 ,
276 3275 343 3350 54.
370 3275 413 3348 de
442 3277 529 3350 Stur
554 3318 605 3331 -
631 3274 936 3352 Amaranthus
962 3273 1144 3349 Blitum.

196 3406 278 3478 Stur
315 3406 437 3496 frigida
475 3420 523 3474 est
566 3421 598 3474 et
642 3431 710 3475 eam
750 3406 928 3474 comedenti
969 3431 1028 3476 nec
1070 3408 1204 3477 muitum
1251 3431 1325 3496 pro·

198 3519 287 3602 dest,
331 3542 390 3586 uec
412 3518 547 3583 muitum
570 3519 681 3604 obest,
726 3543 785 3608 per
819 3541 853 3584 se
876 3530 980 3582 eutem
1002 3519 1108 3584 nulius
1138 3521 1208 3584 iere
1240 3519 1325 3585 vires
1449 3584 1452 3599 ,

197 3629 304 3696 hahet.

196 3807 392 3823 m

269 3915 300 3978 Ι)
319 3916 404 3986 Tragi
420 3915 521 3972 herbar.
541 3933 602 3986 pag.
622 3914 692 3968 Md

264 3998 297 4065 h)
315 4001 406 4055 Bata
431 4001 554 4064 Ciela,
571 4001 654 4052 Flora
671 3999 816 4062 handen,
833 4001 910 4070 [ripa.
930 3946 1068 4058 wudu
1086 4017 1113 4070 p.
1131 3997 1181 4057 78.
