2924 4542
188 257 240 334 &ti

183 445 383 534 aliquantum
403 445 511 512 mollia
541 455 573 512 et
594 443 719 510 infirma
742 455 825 525 est‚·
844 467 903 510 nec
925 444 1002 514 satis
1024 469 1101 512 sana
1115 446 1183 526 ‘ad'
1210 457 1312 514 c'omc.

183 559 344 642 dentium,
366 559 439 647 quia
462 558 547 623 circa
570 557 880 650 tundnm'aquarum
899 579 1025 646 semper
1049 569 1223 624 versantur.
1268 557 1313 624 Et

184 671 314 761 quidam
337 695 377 735 ex
400 669 472 735 istis
494 669 573 735 solis
596 669 801 760 splendorem
831 669 934 756 magis
957 669 1100 757 diligunt
1123 695 1215 758 quam
1238 695 1312 736 uoc-

93 863 95 868 ,
184 795 258 849 tem.
302 780 443 871 Quidam
466 781 544 847 vero
566 793 695 848 noctem
718 792 750 846 et
764 781 860 845 lunnc
877 781 1083 870 splendorem
1097 781 1200 869 magis
1215 807 1309 870 apuam

182 893 279 959 diem.
322 892 464 982 Quidam
486 903 591 958 autem
614 917 654 958 ex
676 893 748 958 istis
770 893 904 980 granula
928 894 1059 958 seminis
1082 894 1133 960 sui
1166 906 1240 983 post
1261 917 1310 960 or·

182 1005 292 1071 dinem
316 1007 503 1088 effundunt,
536 1006 581 1071 ita
603 1017 638 1070 ut
660 1019 827 1094 postquam
850 1031 957 1072 semen
981 1032 1074 1074 suum
1095 1009 1227 1100 sitalem
1260 1016 1310 1075 ae

150 1158 154 1162 ·
180 1140 250 1188 rem
272 1120 449 1208 receperit,
471 1117 578 1187 statim
599 1118 687 1184 uliud
711 1119 894 1201 effundunt,
923 1120 1017 1186 etita
1040 1119 1142 1188 donec
1164 1145 1223 1213 pcr
1245 1146 1309 1188 om·

176 1232 234 1298 uia
256 1233 438 1319 agranulis
462 1243 493 1298 ct
515 1257 533 1296 a
555 1233 638 1299 lacte
661 1256 720 1298 suo
743 1244 957 1321 evacuentur,
991 1245 1023 1298 ct
1044 1231 1116 1298 idco
1138 1233 1309 1300 debilitan-

180 1355 233 1410 tna
241 1391 252 1426 ‚
274 1345 425 1432 qnoniam
449 1344 483 1408 in
507 1345 565 1408 hac
587 1343 745 1410 effusione
768 1345 831 1408 hoc
845 1343 940 1410 modo
959 1344 1121 1412 festinant.
1164 1344 1308 1432 Quidam

180 1481 258 1524 vero
282 1479 321 1524 ex
345 1455 392 1520 eis
414 1453 449 1519 in
471 1453 627 1520 effusione
649 1455 708 1520 hac
730 1451 899 1518 intervalla
933 1452 1072 1532 habent,
1106 1452 1308 1541 quremadmo·

180 1567 256 1632 «lum
279 1577 311 1632 et
331 1566 408 1632 luna
428 1564 464 1628 iu
487 1563 659 1653 splendore
682 1585 759 1643 suo,
791 1563 835 1626 ita
868 1573 904 1625 ut
925 1576 1095 1650 postquam
1117 1565 1252 1652 granula
1275 1575 1308 1632 ct

178 1679 230 1750 iac
252 1676 385 1744 seminis
407 1677 456 1742 sui
479 1675 652 1744 effuderint
684 1684 716 1740 et
738 1672 822 1741 illud
843 1671 973 1740 vitalem
996 1680 1103 1738 aiircm
1137 1674 1307 1764 acceperit,

178 1789 385 1856 intervallum
407 1787 527 1854 habent
549 1797 580 1854 et
614 1795 821 1877 exspectant,
854 1784 929 1852 dnm
963 1785 1037 1872 plus
1070 1787 1308 1867 confortentur,

179 1915 211 1968 et
234 1902 280 1967 ita
302 1901 423 1968 semina
446 1924 503 1966 sua
525 1898 711 1982 effundunt,
744 1898 788 1962 ita
821 1896 907 1985 quod
930 1897 1041 1962 saltem
1074 1897 1234 1962 aMartio
1256 1921 1308 1962 us·
1390 1966 1394 1974 ,

179 2037 242 2104 quc
264 2014 304 2080 ad
326 2026 513 2079 autumnum
535 2037 553 2076 a
576 2012 696 2080 semine
718 2034 776 2076 suo
809 2034 844 2078 sc
878 2021 1040 2076 evacuant.
1083 2009 1152 2075 Sed
1184 2020 1215 2074 et
1248 2007 1308 2074 alii

175 2127 281 2218 pisces
303 2137 388 2202 sunt,
410 2123 465 2212 qui
487 2119 521 2186 in
544 2121 710 2187 medietate
733 2134 764 2185 et
787 2121 823 2186 in'
843 2123 983 2209 puritate
1002 2121 1100 2188 maris
1116 2134 1148 2188 ct
1165 2121 1305 2187 aliorum

175 2239 345 2306 fluminum
367 2235 540 2326 praecipue
562 2247 730 2301 versantur
753 2245 784 2299 et
805 2233 853 2299 ihi
879 2259 993 2324 pascua
1009 2261 1064 2301 sua
1081 2249 1251 2326 quaeruut,
1273 2250 1306 2303 ct

176 2351 272 2416 etiam
295 2348 445 2439 quasdam
468 2347 585 2413 herbas
606 2347 641 2412 in
663 2346 919 2436 prominentibus
940 2348 1084 2438 scopulis
1102 2349 1197 2418 valde
1213 2373 1304 2418 saum

175 2461 364 2548 inveniunt,
386 2460 426 2526 de
448 2459 567 2549 quibus
589 2471 781 2551 pascuntur,
818 2460 942 2526 scilicet
971 2480 1052 2550 quae
1084 2471 1203 2526 tantam
1223 2461 1305 2527 saui-

174 2585 273 2640 tatem
295 2574 329 2638 in
352 2597 386 2638 se
408 2573 547 2654 habent,
571 2585 605 2637 ut
627 2571 654 2636 si
676 2572 774 2636 homo
798 2596 850 2636 eas
872 2571 991 2636 hahere
1012 2584 1143 2660 posset,
1177 2597 1305 2639 ornnem

175 2685 392 2751 infirmitatem
414 2707 473 2772 per
495 2683 583 2771 ipsas
606 2703 623 2746 a
647 2706 681 2746 se
705 2681 901 2771 depelleret,
935 2694 966 2747 et
987 2685 1093 2772 pisces
1115 2683 1166 2748 iili
1190 2686 1231 2749 ad
1254 2709 1305 2750 co·

174 2797 365 2863 medendum
388 2794 454 2859 sani
477 2804 570 2874 sunt,
600 2803 631 2858 et
653 2817 728 2859 caro
752 2768 863 2860 iorum
886 2795 1085 2884 aliquantum
1117 2797 1217 2864 furtis
1246 2810 1304 2880 est,

173 2923 206 2976 et
228 2909 369 2974 minores
392 2906 460 2972 iltis
482 2906 626 2994 piscibus
649 2906 804 2988 existunt,
825 2908 880 2996 qui
904 2907 989 2974 circa
1007 2909 1141 2978 fundum
1161 2909 1303 2974 libenter

151 3034 350 3086 ·uersaatur.
372 3053 413 3064 --
436 3020 478 3083 Et
500 3017 556 3082 alii
579 3016 684 3112 pisces
707 3030 781 3084 sunt
803 3019 858 3108 qni
883 3021 966 3086 cirea
996 3019 1209 3088 summitatem
1240 3043 1303 3086 ma-

96 3138 99 3144 '
172 3135 219 3197 ris
242 3145 273 3198 et
295 3134 432 3198 aliorum
454 3130 624 3196 fluminum
647 3130 770 3197 versari
793 3131 916 3215 solent,
946 3143 977 3198 ct
999 3131 1046 3196 ihi
1068 3133 1103 3198 in
1126 3133 1247 3222 spumis
1269 3145 1303 3200 et

171 3246 205 3309 io
226 3243 449 3333 superioribus
468 3242 578 3308 multis
595 3242 743 3309 sordibus
762 3266 878 3333 pascua
894 3269 952 3310 suc
969 3256 1144 3333 quaerente
1166 3256 1232 3312 cta
1252 3269 1303 3312 ca-

171 3359 242 3426 lore
264 3356 343 3422 solis
365 3341 468 3442 magis
491 3380 585 3445 quam
608 3355 663 3422 alii
684 3355 947 3446 perfunduntur,
967 3368 998 3422 et
1021 3357 1115 3424 etiam
1137 3356 1302 3426 interdum

170 3473 205 3534 in
228 3466 420 3561 quibusdam
444 3468 626 3534 cavernulis
649 3491 684 3533 sc
706 3466 926 3551 abscondunt,
959 3469 994 3532 in
1027 3469 1147 3557 quihus
1180 3469 1300 3539 faetida

172 3603 254 3669 aqua
277 3591 342 3662 est,
376 3601 458 3667 quae
487 3582 617 3643 effluere
650 3603 715 3644 non
746 3592 872 3670 potest,
905 3592 937 3646 ct
971 3581 1046 3647 ideo
1080 3607 1155 3650 coro
1187 3605 1300 3646 eorum

171 3678 280 3758 mollis
302 3703 336 3756 et
357 3691 481 3756 infirma
505 3698 565 3772 cstj
586 3691 730 3780 nec'ipsi
754 3691 793 3756 od
816 3692 1047 3757 comedendum
1064 3695 1132 3758 sani
1150 3702 1233 3758 suotz
1255 3692 1300 3758 Et

171 3797 281 3869 omnes
303 3803 408 3893 pisces
431 3803 603 3868 secundum
626 3821 727 3890 genus
750 3827 842 3869 suum
864 3805 981 3870 nerbas
1012 3805 1075 3869 sihi
1109 3804 1323 3878 convenicn„

170 3930 218 3982 tes
240 3942 299 4006 per
322 3919 467 4005 hyemem
498 3927 530 3982 et
563 3915 658 3981 etism
692 3897 866 3982 interdurn⁴
887 3915 922 3980 in
953 3927 1071 3981 aestate
1105 3917 1296 4000 comedunt,

45 4092 54 4095 ι
168 4029 253 4095 uude
277 4041 308 4094 et
330 4030 380 4095 luc
403 4040 435 4094 et
456 4027 592 4116 granulo
624 4026 758 4094 seminis
781 4027 831 4094 sni
853 4026 888 4094 in
910 4028 956 4096 eis
988 4041 1159 4113 crescunt,
1191 4042 1224 4098 et
1255 4027 1297 4094 de
